2288 3886
529 205 569 267 lv

131 374 252 454 angulus
266 385 386 454 optusus
402 377 468 456 quia
479 375 566 452 louge
580 376 702 434 cernitur
715 376 822 452 omnis,

131 463 195 521 sive
207 462 291 520 eiiam
301 462 398 538 pocius
408 478 465 521 nou
481 461 605 519 semiim·
619 475 653 518 ac
665 461 739 538 perit
750 462 812 520 eius

59 555 115 608 355
129 543 217 624 plaga
226 561 282 603 nec
294 543 329 604 ad
342 553 455 605 nostras
468 544 547 603 acies
563 542 720 621 perlabitur
729 545 821 621 icius,

130 635 200 688 aera
210 645 264 708 per
278 626 395 688 multum
410 631 474 707 quia
485 626 549 686 dum
564 625 714 687 simulacra
726 626 871 705 feruntur,

133 714 213 790 cogit
222 711 387 773 hebescere
398 731 462 773 eum
478 711 587 772 crebris
604 710 760 772 offensibus
771 719 830 771 adr.

132 795 189 856 bec
201 795 249 856 ubi
264 796 381 874 suffugit
393 813 508 857 sensum
520 793 602 854 simul
613 794 732 872 angulus
748 798 855 872 omnis,

133 880 164 940 bi
175 882 256 959 quasi
266 888 296 939 ui
308 878 343 940 ad
357 890 468 941 tornum
480 896 612 940 saxorum
623 888 731 939 structa
740 889 862 940 tuemur:

63 975 121 1029 360
132 973 294 1024 nontamen
305 972 336 1023 ut
346 982 441 1025 coram
453 981 525 1042 quae
542 970 607 1024 suni
617 981 745 1042 vereque
754 962 889 1041 rutunda,

133 1046 187 1108 sed
198 1050 279 1127 quasi
290 1047 471 1109 adumbratim
483 1046 597 1127 paulum
608 1046 736 1107 simulata
747 1047 878 1107 videniur

132 1132 231 1192 umbra
240 1131 354 1192 videtur
364 1135 432 1193 item
443 1133 526 1193 nobis
538 1134 566 1191 iu
577 1130 641 1192 sole
652 1133 761 1192 moveri

133 1224 163 1276 ei
173 1217 296 1294 vestigia
307 1226 405 1276 nestra
416 1218 498 1295 sequi
510 1225 681 1295 gestumque
696 1217 811 1284 imitari3

132 1307 200 1361 aera
211 1302 235 1360 si
249 1299 344 1360 credis
360 1303 498 1380 privatum
510 1301 614 1360 lumine
625 1318 715 1379 posse

65 1393 120 1449 365
131 1383 299 1463 indugredi,
311 1394 405 1446 moins
419 1385 560 1445 bominum
572 1394 744 1464 gestumque
756 1393 940 1463 sequentem:

131 1486 196 1528 nam
205 1467 244 1528 nil
256 1487 324 1530 esse
335 1478 433 1548 poiesi
443 1467 511 1529 aliut
523 1470 575 1528 nisi
587 1468 691 1529 lumine
702 1488 805 1536 cassus

132 1558 184 1613 adr
193 1551 222 1612 id
235 1552 312 1631 quod
324 1570 378 1614 nos
389 1553 514 1613 umbram
527 1553 679 1633 perbibere
691 1562 816 1614 suemus.

132 1639 280 1715 nimirum,
294 1638 359 1716 quia
370 1646 446 1698 terra
457 1637 530 1698 lucis
542 1655 579 1699 ex
591 1637 689 1698 ordine
705 1641 791 1700 certis

132 1719 238 1781 lumine
249 1723 375 1800 privatur
385 1720 455 1783 solis
467 1739 645 1800 quacumque
655 1731 783 1783 meantes

63 1812 120 1868 370
135 1805 294 1883 afficimus,
308 1805 437 1885 repletur
451 1807 519 1865 item
530 1805 606 1883 quod
618 1804 749 1882 liquimus
762 1807 841 1882 eius,

133 1899 289 1971 propterea
300 1889 330 1949 fii
341 1892 380 1950 uti
392 1890 539 1965 videatur,
553 1905 625 1966 quae
636 1887 688 1946 fuit
699 1889 796 1948 umbra

134 1976 283 2053 comesis,
295 1993 312 2033 e
322 1975 443 2052 regione
456 1972 555 2034 eadem
565 1990 619 2033 nos
631 1991 722 2050 usque
735 1982 843 2034 secuta.

133 2076 250 2137 semper
263 2060 337 2118 enim
348 2074 422 2118 nova
432 2075 465 2118 se
476 2057 617 2117 radiorum
631 2057 734 2117 lumina
744 2056 862 2117 fundunt

132 2144 280 2222 primaque
293 2142 475 2220 dispereunt,
491 2144 570 2220 quasi
584 2145 614 2201 iu
624 2145 720 2220 ignem
732 2141 794 2202 lana
805 2142 939 2203 trabatur.

63 2233 120 2290 375
132 2236 288 2306 propterea
300 2225 386 2286 facile
401 2236 431 2287 et
442 2225 581 2304 spoliatur
591 2226 696 2286 lumine
708 2237 784 2287 terra
792 2242 805 2303 ,⁴
937 2222 945 2236 '

134 2320 163 2371 et
173 2310 303 2390 repletur
313 2313 381 2371 item
391 2313 544 2390 nigrasque
556 2310 610 2371 sibi
622 2309 708 2370 abluit
719 2311 841 2370 umbras.

174 2393 238 2455 Nec
250 2405 344 2455 tamen
354 2395 401 2454 bic
413 2394 515 2455 oculos
527 2391 587 2453 falli
600 2393 783 2454 concedimus
794 2393 891 2453 hilum.

131 2497 196 2538 nam
209 2497 389 2558 quecumque
402 2477 469 2539 loco
481 2481 518 2539 sit
529 2477 579 2537 lux
590 2487 675 2556 atque
686 2477 785 2537 umbra
794 2479 867 2538 tueri

132 2561 246 2624 illcmm
259 2573 319 2623 est:
331 2562 431 2622 eadem
442 2581 513 2623 vero
526 2563 582 2623 sint
593 2561 696 2623 lumina
706 2579 815 2639 necne,

63 2655 120 2710 380
131 2647 287 2726 umbraque
300 2666 372 2726 quae
387 2646 440 2707 fuit
451 2647 499 2707 hic
511 2645 611 2708 eadem
622 2665 697 2707 nunc
710 2657 834 2709 transeat
849 2645 918 2707 illuc

131 2750 166 2791 an
176 2733 273 2811 potius
285 2732 332 2791 fiat
343 2731 429 2811 paule
444 2731 521 2810 quod
533 2731 653 2793 dixImus
667 2742 751 2811 ante,

132 2815 188 2876 boc
199 2817 282 2875 animi
294 2815 405 2875 demum
414 2818 486 2875 ratic
498 2815 663 2877 discernere
677 2816 780 2894 debet,

130 2919 187 2960 nec
198 2909 320 2980 possunt
332 2898 408 2960 oculi
420 2909 545 2960 naturam
557 2918 681 2962 noscere
693 2919 795 2960 rerum.

131 2983 346 3065 proindeanimi
357 2983 522 3045 vitiumhoc
536 2983 628 3045 oculis
640 2983 785 3062 adfingere
796 2986 864 3045 noli.

67 3076 120 3132 385
132 3086 186 3148 qua
200 3067 329 3129 vehimur
339 3071 420 3147 navi,
433 3069 540 3146 fertum,
553 3086 617 3129 cum
629 3076 705 3128 stare
716 3068 842 3129 videtur:

132 3171 205 3233 quae
217 3162 311 3214 manet
320 3155 348 3212 in
360 3150 497 3230 statione,
516 3170 550 3212 ea
562 3161 676 3232 praeter
691 3151 815 3213 creditur
825 3153 876 3211 ire.

132 3247 162 3298 et
173 3237 275 3316 fugere
286 3237 321 3297 ad
331 3241 448 3318 puppim
463 3236 555 3298 colles
570 3237 718 3314 campique
731 3236 880 3314 videntur,

133 3324 326 3401 quosagimus
341 3333 457 3401 praeter
467 3338 569 3381 navem
580 3319 712 3398 velisque
724 3319 861 3380 velamus.

132 3406 226 3467 sidera
241 3424 357 3468 cessare
369 3406 503 3466 aetheriis
514 3405 605 3465 adfixa
616 3405 746 3464 cavernis
838 3415 842 3421 ’

67 3497 120 3554 390
132 3501 235 3554 cuncta
244 3489 393 3569 videntur,
406 3500 436 3551 et
450 3490 567 3551 adsiduo
580 3498 644 3550 sunt
656 3490 747 3548 emnia
757 3497 853 3566 moin,
