2288 3886
111 168 172 241 148
595 164 622 226 V

191 355 245 398 nee
261 339 349 398 vitare
361 335 527 398 malumuee
539 354 651 398 sumere
663 336 740 416 quod
751 335 826 397 foret
836 354 914 398 usus.

191 429 288 480 cetera
302 420 337 480 de
349 438 458 498 genere
473 419 529 480 hoe
539 429 664 481 monstra
674 439 708 481 ac
721 429 852 499 portenta
863 422 997 503 ereabat,

188 506 376 584 nequiquam,
389 505 521 581 quoniam
531 513 629 565 natura
642 505 795 565 absterruit
805 513 935 585 auctum,

188 605 244 648 nee
255 597 377 666 potuere
390 589 515 666 eupitum
527 589 627 649 aetatis
639 598 757 667 tangere
770 587 870 649 florem

124 679 176 736 845
187 689 242 730 nee
253 672 382 750 reperire
394 673 488 730 cibum
500 690 555 731 nee
565 673 643 750 iungi
657 690 711 752 per
722 671 845 733 Veneris
856 689 915 734 res.

188 753 276 815 multa
285 754 415 815 videmus
431 756 506 815 enim
518 755 606 815 rebus
618 774 790 816 concurrere
807 755 933 835 debere,

189 848 220 898 ut
233 838 418 918 propagando
431 840 542 918 possint
557 839 718 918 procudere
730 837 842 909 saeelum

189 920 293 1000 pabula
306 924 425 1002 primum
436 931 465 982 ut
477 923 549 1000 sint,
561 922 695 1001 genitalia
706 922 808 983 deiude
819 941 872 1002 per
881 933 961 986 artus

189 1007 295 1068 semina
306 1024 361 1086 qna
372 1008 484 1087 possint
495 1007 628 1067 membris
639 1024 751 1067 manare
761 1008 899 1085 remissa,

121 1099 175 1154 850
187 1089 348 1169 feminaque
360 1099 391 1150 ut
400 1091 523 1151 maribus
536 1092 668 1168 coniungi
678 1092 887 1169 meritavere,

187 1184 282 1235 mutua
296 1176 344 1254 qui
356 1183 464 1235 mutent
474 1175 548 1234 inter
559 1192 592 1234 se
603 1173 703 1252 gauffia
715 1183 844 1252 uterque.

229 1256 375 1336 Multaque
387 1267 445 1318 tum
455 1259 599 1318 interiisse
610 1260 777 1318 animantum
792 1256 890 1319 saeela
898 1269 1057 1322 neeessest

108 1390 111 1395 .
187 1361 243 1403 nee
254 1344 384 1422 potuisse
397 1340 581 1421 propagando
591 1340 753 1420 procudere
765 1340 884 1420 prolem.

187 1444 250 1486 nam
261 1443 457 1504 quaecumque
469 1423 550 1485 vides
561 1427 643 1487 vesei
655 1424 787 1486 vitalibus
798 1426 891 1502 auris,

123 1518 234 1572 esseut
246 1507 328 1569 dolus
339 1516 386 1568 aut
399 1510 489 1568 virtus
500 1517 548 1568 aut
559 1507 682 1587 denique
693 1507 833 1570 mobilitas
845 1519 890 1569 est

188 1613 226 1654 ex
237 1594 352 1652 ineunte
365 1609 438 1652 aevo
450 1610 542 1669 genus
555 1591 583 1651 id
594 1602 682 1653 tutata
695 1611 860 1654 reservans:

187 1674 331 1755 multaque
343 1684 427 1754 sunt,
440 1675 522 1736 nobis
535 1694 573 1736 ex
585 1675 702 1737 utilitate
715 1696 766 1738 sua
777 1695 852 1756 quae

190 1760 384 1821 commendata
398 1769 527 1837 manent,
544 1758 650 1821 tutelae
666 1760 765 1821 tradita
776 1771 901 1822 nostrae.

188 1847 329 1924 prineipio
340 1863 433 1924 genus
443 1861 511 1904 aere
525 1841 640 1904 leonum
651 1862 795 1924 saevaque
807 1842 904 1905 saecla

121 1937 175 1993 860
184 1938 300 1990 tutatast
310 1930 418 2006 virtus,
430 1928 534 2006 volpes
546 1927 645 2006 dolus,
661 1936 691 1988 et
702 1927 769 2006 fuga
781 1945 894 1988 cervos.

187 2023 215 2075 at
226 2012 383 2073 levisomna
394 2029 494 2072 cauum
506 2010 561 2071 lide
574 2030 637 2071 cum
648 2021 768 2091 pettore
779 2010 883 2089 eorda,

188 2107 217 2158 et
228 2115 320 2175 genus
333 2114 416 2156 omne
428 2093 505 2172 quod
517 2104 562 2155 est
573 2097 702 2155 veterino
716 2096 826 2157 semina
835 2103 962 2175 partum,

186 2179 389 2259 lanigeraeque
401 2176 483 2238 simul
494 2178 624 2257 pecudes
636 2189 666 2240 et
680 2180 787 2239 buoera
797 2177 893 2239 saecla

188 2266 280 2324 omnia
292 2273 357 2324 sunt
370 2262 511 2322 hominum
526 2262 632 2323 tutelae
643 2263 760 2341 tradita,
773 2261 901 2322 Memmi:

123 2356 175 2412 865
187 2366 250 2409 nam
262 2348 364 2427 eupide
377 2346 479 2424 lugere
492 2346 587 2424 feras,
602 2365 760 2426 paeemque
771 2356 872 2408 seouta

187 2442 252 2494 sunt
268 2442 297 2493 et
308 2432 387 2510 larga
398 2449 451 2491 suo
463 2432 525 2492 siue
536 2430 640 2509 pabula
652 2440 731 2509 parta
741 2429 859 2506 labore,

188 2535 261 2596 quae
272 2517 368 2576 damus
380 2515 505 2575 utilitatis
519 2533 616 2575 eorum
628 2516 750 2591 praemia
763 2531 858 2575 eausa.

187 2611 216 2662 at
227 2602 290 2677 quis
301 2600 340 2659 nil
353 2599 452 2660 borum
466 2598 562 2659 tribuit
577 2608 673 2658 natura
683 2644 691 2677 ,
703 2617 759 2659 nee
770 2600 833 2676 ipsa

189 2692 293 2763 sponte
308 2702 358 2743 sua
369 2690 489 2760 possent
500 2690 530 2741 ut
543 2683 643 2743 vivere
654 2699 709 2743 nee
720 2682 787 2743 dare
798 2681 881 2742 nobis

123 2777 176 2832 870
187 2767 335 2827 utilitatem
346 2766 484 2843 aliquam,
497 2783 584 2842 quare
595 2776 756 2845 pateremur
766 2783 865 2826 eorum

187 2850 330 2931 praesidio
342 2859 439 2910 nostro
454 2851 533 2928 pasei
545 2869 636 2927 genus
649 2869 774 2929 esseque
785 2858 891 2925 tutum,

188 2935 320 3013 seilicet,
333 2934 406 2995 haee
417 2934 479 2995 aliis
492 2934 614 3010 praedae
628 2933 767 3013 lucroque
777 2933 908 2993 iacebant

188 3018 350 3099 indupedita
360 3021 420 3080 suis
432 3017 562 3079 fatalibus
575 3020 666 3078 omnia
678 3019 797 3095 vinclis,

189 3103 282 3165 donee
293 3104 328 3163 ad
338 3105 480 3163 interitum
490 3121 582 3180 genus
595 3102 624 3162 id
637 3114 733 3163 natura
744 3102 866 3179 redegit.

123 3197 174 3252 ets
228 3187 286 3247 Sed
296 3205 391 3266 neque
404 3185 535 3247 Centauri
546 3186 675 3264 fuerunt,
688 3205 743 3246 nee
757 3197 887 3264 tempore
899 3184 927 3245 in
941 3182 1003 3244 ullo

186 3289 254 3331 esse
269 3284 375 3352 queunt
387 3272 494 3351 duplioi
503 3280 600 3332 natura
614 3281 642 3331 et
656 3289 778 3348 corpore
789 3270 855 3330 bino

186 3373 224 3415 ex
235 3351 403 3433 alienigenis
417 3356 550 3416 membris
565 3365 728 3435 eompaeta,
740 3364 869 3435 potestas

190 3439 256 3500 bine
267 3437 347 3502 illine
357 3440 453 3519 parilis
466 3441 530 3519 quis
540 3457 597 3500 non
608 3459 764 3520 superesse
778 3439 903 3518 potissit.
