2288 3886
117 179 210 269 ot
594 176 634 235 ιν

155 358 191 411 00
205 346 310 408 exalto
323 348 387 425 qnia
399 344 463 405 dum
473 346 606 421 veniunt,
619 343 791 404 extrinsecu’
802 352 877 404 torte

204 430 369 491 scinduntur
379 430 497 508 pariter
509 427 627 504 1101111,
641 446 696 488 100
707 437 786 488 recta
797 429 903 488 marum

205 516 277 576 ostia
290 521 440 592 suntfqua
452 512 623 572 contendant
631 513 711 571 exire
723 520 830 572 coorta.

205 609 233 658 at
244 604 342 658 contra
352 597 445 656 tenuis
457 597 555 656 summi
566 594 726 655 membrana
737 594 843 657 coloris

205 700 269 742 cnm
280 681 396 756 iacitur,
409 679 447 739 nil
459 688 504 740 est
517 679 593 758 qnod
603 696 665 738 earn
676 678 843 757 discerpere
853 680 963 758 possit,

156 775 191 829 95
204 767 233 825 in
243 772 375 844 promptu
388 765 518 841 quoniam
529 772 574 823 ast
584 765 612 822 in
623 764 712 841 prima
722 762 816 823 fronte
827 762 930 824 locata.

205 857 351 930 postremo
362 846 489 926 speculis
500 848 528 906 in
539 864 611 926 aqna
622 845 834 926 splendoreque
845 849 873 907 in
884 848 959 907 ornni

205 949 400 1012 quaecumque
412 940 548 1011 apparent
558 930 642 992 nobis
652 929 817 1006 simulacra,
829 938 1001 1009 necessest,

205 1013 430 1095 qnandoquidem
440 1013 524 1075 simili
535 1015 635 1093 specie
647 1024 712 1075 sunt
722 1014 848 1093 praedita
859 1033 970 1093 rernm,

205 1101 306 1161 excita
316 1099 483 1177 imaginibus
495 1100 587 1159 missis
599 1100 757 1159 consistere
768 1117 876 1159 rernm:

141 1195 193 1247 100
208 1184 282 1264 [narn
294 1202 345 1244 cur
354 1182 403 1243 illa
416 1182 514 1243 cadant
525 1183 614 1260 magis
626 1182 661 1242 ab
672 1183 816 1260 rebusque
828 1182 964 1243 recedant

205 1286 288 1348 qnam
299 1286 371 1347 qnae
383 1268 477 1328 tenvia
489 1276 554 1327 sunt
565 1265 721 1328 hiscendist
732 1265 808 1326 nulla
819 1268 960 1346 potestas]

204 1361 270 1414 sunt
279 1354 366 1429 igitur
376 1359 477 1410 tenues
491 1349 641 1410 formarum
650 1349 708 1411 illis
720 1349 886 1429 similesque

205 1435 336 1513 eiiigiae,
348 1433 510 1512 singillatim
522 1452 591 1512 quas
604 1452 723 1494 cernere
734 1451 817 1495 nemo

206 1538 270 1580 cum
285 1520 379 1598 possit
389 1528 499 1596 tamen,
512 1517 629 1579 adsiduo
641 1518 802 1596 crebroque
813 1517 931 1598 repulsu

142 1615 192 1667 105
203 1605 329 1685 reiectae
339 1602 460 1662 reddunt
471 1601 654 1680 speculorum
666 1621 703 1662 ex
714 1620 839 1680 aequore
849 1604 958 1680 visum,

205 1706 260 1748 nec
271 1689 379 1746 ratione
391 1685 445 1745 alia
456 1688 563 1747 servari
574 1703 663 1765 posse
678 1685 826 1764 videntur,

204 1781 282 1832 tanto
294 1789 384 1849 opere
395 1780 425 1831 nt
436 1770 543 1831 similes
556 1769 707 1830 reddantur
718 1773 821 1849 cuique
833 1771 950 1849 figurae.

246 1854 328 1915 Nunc
339 1873 411 1934 age,
424 1872 507 1933 qnam
517 1856 596 1914 tenni
606 1864 702 1914 natura
714 1863 828 1916 constet
838 1856 930 1933 imago
966 1908 968 1913 .

205 1943 334 2019 percipe.
348 1949 377 2000 et
388 1942 416 1999 in
428 1941 543 2018 primis,
557 1941 687 2018 quoniam
698 1937 850 2016 primordia
859 1948 965 1999 tantum

143 2035 194 2086 110
205 2033 270 2084 0111
280 2023 352 2083 inira
362 2032 475 2082 nostros
488 2041 590 2082 sensus
602 2031 736 2100 tantoque
748 2024 853 2083 minora

205 2124 288 2186 qnam
299 2124 371 2185 quae
383 2107 501 2183 primum
514 2104 589 2164 oculi
602 2114 735 2184 coeptant
746 2123 803 2165 non
813 2124 902 2186 posse
912 2109 1001 2187 tueri,

204 2209 279 2249 nnnc
290 2198 384 2249 tamen
395 2188 423 2248 id
437 2206 552 2266 qnoque
563 2191 603 2249 uti
616 2189 795 2268 confirmem,
811 2191 928 2251 exordia
938 2209 1034 2252 rernm

207 2283 370 2334 cunctarum
382 2291 464 2352 qnam
475 2273 530 2333 sint
543 2273 658 2352 suptilia
667 2275 788 2353 percipe
799 2277 906 2354 paucis.

205 2358 324 2436 primum
334 2355 459 2418 animalia
470 2367 534 2418 sunt
545 2359 598 2416 iarn
608 2359 708 2437 partim
718 2359 839 2438 tantula,
852 2377 969 2438 qnorum

143 2452 192 2504 115
204 2444 286 2503 tertia
297 2460 362 2521 pars
373 2441 450 2502 nulla
462 2444 554 2520 possit
566 2445 674 2502 ratione
685 2442 784 2503 videri.

204 2527 304 2586 borum
314 2529 477 2586 intestinum
489 2526 609 2603 quodvis
621 2526 704 2604 quale
717 2545 784 2586 esse
795 2526 989 2606 putandumst!

204 2611 271 2690 qnid
284 2610 377 2670 cordis
390 2609 495 2686 globus
509 2618 556 2668 ant
568 2607 666 2669 oculi?
678 2609 745 2689 qnid
755 2608 901 2671 membra?
919 2612 985 2690 qnid
997 2609 1098 2674 artnsi

205 2693 337 2771 quantula
347 2702 412 2753 sunt
420 2691 506 2769 iquid
517 2702 668 2771 praeterea
679 2693 829 2772 primordia
840 2713 988 2774 quaeque,

204 2777 279 2836 unde
291 2779 379 2836 anima
390 2785 475 2854 atque
487 2776 570 2834 animi
583 2785 696 2838 constet
706 2787 802 2838 natura
811 2776 1012 2840 necessumst?

143 2872 296 2924 12010110
308 2860 390 2920 vides
402 2876 484 2938 quarn
498 2860 553 2920 siut
564 2859 677 2921 subtilia
689 2878 828 2940 quamque
839 2861 963 2923 minutal

204 2954 353 3023 praeterea
365 2961 560 3023 quaecumque
573 2962 625 3004 suo
638 2945 673 3005 de
688 2963 811 3024 corpore
824 2944 940 3009 odorem

204 3030 333 3108 expirant
344 3046 455 3106 acrem,
468 3046 592 3107 panaces
599 3074 608 3105 ,
622 3029 759 3089 absinthia
771 3038 876 3109 taetra,

203 3112 407 3192 habrotonique
420 3131 523 3191 graves
535 3121 565 3173 et
575 3113 665 3173 tristia
677 3122 844 3191 centaurea,

204 3215 322 3276 quornrn
334 3215 417 3257 unum
432 3195 542 3275 quidvis
558 3195 661 3258 1011101
672 3199 696 3256 si
710 3197 785 3257 iorte
799 3197 909 3257 dnobus

605 3302 623 3343 e

140 3445 188 3497 115
203 3437 269 3515 quin
283 3438 377 3515 potius
389 3455 493 3498 noscas
504 3454 598 3496 rerum
608 3434 757 3496 simulacra
771 3436 867 3515 vagari
