2288 3886
136 354 163 405 et
172 341 254 404 validi
265 339 382 416 silices,
394 355 428 399 ac
442 336 502 398 duri
511 340 616 401 robora
625 340 711 420 ferri,

88 439 125 492 tto
137 444 256 506 aeraque
272 442 347 504 quae
359 422 490 485 claustris
500 426 634 485 restantia
644 426 845 488 uociferantur.

133 511 178 573 illa
191 509 304 592 quidem
317 507 422 570 debent
435 506 574 569 elevibus
590 517 675 589 atque
686 509 812 573 rutundis

134 614 199 658 esse
209 595 317 672 magis,
330 589 435 653 lluvido
447 609 519 671 quae
535 610 657 672 corpore
668 594 773 675 liquida
787 606 926 658 constant.

133 697 251 760 namque
262 678 414 757 papaveris
430 672 548 738 haustus
558 679 652 740 itemst
663 678 755 741 facilis
768 682 846 759 quasi
859 698 993 762 aquarum

132 783 186 826 nac
198 764 357 825 retinentur
367 760 442 821 enim
452 761 526 822 inter
537 779 571 822 sc
581 760 781 839 glomeramina
797 782 943 846 quaeque,

81 858 120 914 tto
134 856 161 910 st
172 863 329 928 procursus
339 846 408 905 item
422 843 552 923 proclive
565 844 699 907 volubilis
711 856 812 908 exstat.

132 934 224 995 omnia
235 939 384 1010 postremo
397 945 469 1008 quae
479 937 587 1007 puncto
598 938 728 1010 tempore
740 933 834 992 cernis

133 1017 289 1095 diffugere,
306 1023 337 1074 ut
349 1012 453 1072 fumum
464 1012 582 1074 nebulas
595 1013 792 1095 dammasque,
805 1027 975 1098 necessest,

132 1103 258 1162 siminus
271 1097 394 1158 omnibu’
406 1105 471 1159 sunt
483 1115 501 1157 e
513 1095 625 1159 levibus
636 1107 722 1177 atque
732 1097 878 1178 rutundis,

131 1193 159 1245 at
169 1202 226 1245 non
237 1201 306 1244 esse
318 1191 412 1244 tamen
420 1179 568 1260 perplexis
582 1180 760 1262 indupedita,

76 1280 121 1335 too
131 1286 261 1349 pungere
272 1268 312 1327 uti
322 1266 436 1345 possint
447 1282 552 1345 corpus
565 1276 774 1346 penetrareque
785 1284 870 1345 sese,

131 1366 185 1414 nec
198 1363 293 1414 tamen
305 1348 426 1412 lraercre
439 1351 513 1410 iuter
522 1368 556 1411 se
569 1349 645 1430 quod
657 1368 778 1430 cumque
789 1349 917 1412 uidemus

130 1437 225 1498 ventis
239 1453 308 1496 esse
319 1433 429 1512 datum,
441 1432 527 1495 facile
538 1443 569 1495 ut
583 1451 765 1514 cognoscere
777 1436 872 1516 possis

131 1538 188 1583 non
201 1538 219 1581 e
232 1518 383 1599 perplexis
395 1517 447 1580 sed
459 1519 549 1579 acutis
562 1537 630 1580 esse
644 1517 803 1582 elementis.

131 1603 184 1667 sed
199 1603 277 1683 quod
287 1620 380 1664 amara
390 1600 471 1663 vides
484 1602 582 1663 cadem
596 1621 668 1682 quae
681 1602 785 1665 lluvida
799 1613 945 1684 constant,

73 1701 120 1756 465
133 1688 222 1751 sudor
233 1689 275 1749 nti
284 1688 368 1748 maris
384 1695 447 1765 est,
460 1688 572 1748 minime
582 1686 710 1749 mirabile
723 1688 810 1748 debet

130 1875 195 1918 nam
207 1854 284 1936 quod
296 1853 416 1916 lluridus
429 1863 490 1932 cst,
503 1872 521 1914 e
532 1852 644 1914 levibus
653 1863 740 1934 atque
750 1853 877 1916 rutundis

133 1951 192 2019 est,
205 1946 236 2003 et
248 1939 395 2018 squalida
407 1946 478 2000 sant
487 1937 548 1998 illio
557 1936 679 1998 admixta
689 1935 797 1999 doloris

134 2041 265 2105 corpora.
284 2042 341 2085 nec
352 2033 446 2085 temen
457 2022 530 2084 hacc
539 2023 656 2084 retineri
666 2021 776 2085 hamata
784 2027 982 2087 necessumst:

132 2108 247 2172 scilicet
259 2127 327 2170 esse
340 2107 463 2186 globosa
474 2115 583 2186 tamen,
600 2125 664 2168 cum
679 2105 807 2189 squalida
820 2116 971 2189 constent,

76 2202 123 2260 tto
135 2192 269 2274 provolvi
280 2191 363 2253 simul
377 2201 408 2253 ut
421 2193 533 2272 possint
548 2202 577 2254 ct
589 2191 705 2255 laedere
716 2211 828 2255 sensus.

133 2287 162 2340 et
176 2296 234 2358 quo
248 2277 334 2338 mixta
344 2286 430 2356 putes
441 2277 530 2354 magis
544 2293 647 2356 aspera
657 2275 770 2338 levibus
782 2294 850 2337 esse

133 2363 299 2443 principiis,
312 2360 388 2421 unde
401 2369 446 2423 cst
456 2359 581 2439 Neptuni
593 2377 698 2438 corpus
712 2359 863 2437 acerbum,

134 2455 180 2508 est
190 2447 262 2508 ratio
275 2445 446 2506 secernendi
457 2461 646 2523 seorsumque
658 2442 788 2503 videndi:

133 2529 234 2611 linquit
246 2530 321 2591 enim
331 2547 437 2609 supera
448 2530 531 2590 taetri
542 2525 692 2608 primordia
705 2527 758 2586 viri

80 2621 124 2678 tlt
135 2632 215 2675 umor
226 2612 334 2693 dulcis,
345 2614 394 2674 ubi
405 2632 459 2694 per
472 2623 563 2675 terras
575 2613 703 2674 crebrius
716 2610 792 2673 idem

134 2697 315 2779 percolatur,
326 2699 396 2760 utin
409 2697 522 2758 foveam
534 2697 600 2758 lluat
610 2715 645 2760 ac
656 2706 855 2775 mansuescat,

134 2801 236 2864 aspera
247 2801 305 2862 quo
315 2783 405 2861 magis
416 2783 444 2843 in
456 2783 543 2844 terris'
551 2781 725 2845 haerescere
735 2783 855 2862 possint.

177 2866 261 2942 Quod
273 2868 404 2947 quoniam
414 2865 515 2945 docui,
530 2884 648 2946 pergam
659 2875 814 2928 conectere
828 2883 889 2926 rem
902 2883 974 2944 quae

134 2971 173 3013 ex
183 2952 240 3014 hoc
251 2961 317 3032 apta
330 2951 415 3013 fidem
427 2949 527 3029 ducat,
540 2951 692 3030 primordia
702 2969 797 3012 rerum

82 3041 126 3099 tto
136 3037 211 3098 linita
223 3037 333 3097 variare
345 3036 496 3114 figurarum
509 3037 627 3097 ratiorm.

137 3120 213 3200 quod
226 3121 251 3181 si
260 3137 318 3182 non
329 3121 367 3180 ita
378 3122 432 3198 sit,
443 3137 555 3181 rursum
566 3121 619 3180 iam
629 3119 735 3180 semina
749 3116 884 3198 quaedam

136 3224 204 3267 esse
215 3205 322 3266 inlinito
337 3203 481 3265 debebunt
495 3204 624 3282 corporis
635 3212 728 3264 auctu.

136 3307 256 3371 namque
271 3287 371 3350 eadem
381 3291 463 3351 unius
477 3288 601 3349 cuiusvis
613 3287 641 3347 in
656 3287 795 3348 brevitate

137 3375 266 3455 eorporis
279 3375 354 3434 inter
364 3391 397 3435 sc
408 3372 525 3434 multum
535 3372 644 3432 variare
657 3371 764 3452 figurae

82 3463 124 3519 liii
133 3475 190 3520 non
199 3466 331 3539 possunt.
343 3457 389 3520 lac
404 3459 478 3519 enim
488 3457 607 3517 minimis
619 3473 636 3516 a
648 3454 775 3536 partibus
790 3472 857 3516 esse
