2288 3886
112 151 154 219 70
590 153 630 212 111

198 334 227 384 et
240 321 318 382 calor
329 323 446 381 intense
458 322 572 398 vigeant
585 323 733 381 commixta
745 339 797 399 per
811 331 904 396 artus,

195 417 281 484 atque
295 406 357 466 aliis
373 402 450 464 aliud
461 405 553 465 subsit
566 406 654 482 magis
667 406 862 483 eminentque,

130 500 180 553 285
195 499 226 550 ut
238 489 367 568 quiddam
383 489 444 548 lieri
458 488 585 548 uideatur
595 489 631 549 ab
643 488 771 549 omnibus
786 508 887 565 unum,

196 593 232 633 ne
248 572 326 633 calor
340 591 374 632 ac
389 581 490 632 ventus
506 577 637 633 seorsum
648 589 835 651 seorsumque
851 582 980 651 potestas

196 659 271 718 aeris
284 659 451 717 interemant
463 675 578 716 sensum
590 655 760 733 diductaque
773 656 895 716 solvant.

197 751 242 802 est
254 743 358 802 etenim
371 739 448 800 calor
460 738 509 801 ille
521 743 629 816 animo,
645 758 728 818 quem
742 743 841 818 sumit,
858 743 937 800 inira

198 844 262 886 cum
272 824 410 884 fervescit
426 833 454 882 et
467 843 504 883 ex
516 823 608 884 oculis
621 825 704 884 micat
715 825 829 884 acribus
840 825 939 884 ardor:

134 920 186 974 290
198 920 243 970 est
255 919 284 970 et
298 908 399 986 frigida
410 907 513 984 multa,
527 925 624 968 comes
636 907 808 985 formidinis,
823 926 905 986 aura,

198 1011 270 1073 quae
283 995 339 1054 ciet
347 991 496 1053 horrorem
509 992 641 1051 membris
653 1001 682 1050 et
694 994 816 1052 concitat
826 1001 919 1053 artus:

198 1088 242 1138 ost
255 1079 339 1137 etiam
354 1094 468 1155 quoque
481 1077 573 1154 pacati
586 1084 676 1135 status
692 1077 767 1136 aeris
782 1075 847 1152 ille,

198 1171 318 1240 pectore
334 1159 485 1239 tranquillo
501 1161 548 1237 qui
560 1160 589 1219 lit
601 1158 737 1238 voltuque
749 1177 863 1220 sereno.

198 1245 251 1306 sed
264 1244 346 1306 calidi
362 1245 426 1324 plus
439 1254 484 1304 est
498 1243 554 1304 illis
571 1244 672 1321 quibus
687 1245 762 1303 acria
775 1243 860 1303 corda

135 1340 186 1394 295
198 1329 387 1406 iracundaque
402 1347 482 1388 mens
495 1326 579 1387 iacile
592 1328 758 1388 ellervescit
768 1329 797 1386 in
809 1329 864 1395 ira;

199 1431 256 1491 quo
268 1430 377 1490 genere
392 1413 526 1490 inprimis
539 1413 582 1471 vis
597 1421 642 1471 est
654 1410 779 1472 violenta
790 1410 921 1491 leonum,

201 1503 319 1577 pectora
332 1497 380 1573 qui
391 1496 504 1555 iremitu
519 1506 650 1573 rumpunt
661 1494 829 1575 plerumque
841 1508 1010 1574 gementes,

147 1632 149 1634 ,
199 1599 254 1641 neo
267 1598 371 1658 capere
387 1581 488 1639 irarum
503 1580 605 1641 ductus
617 1582 643 1639 in
656 1590 776 1658 pectore
788 1590 918 1660 possunt.

199 1674 227 1745 at
238 1673 358 1724 ventosa
369 1665 459 1740 magis
473 1681 622 1724 cervorum
633 1664 733 1741 frigida
748 1684 827 1725 mons
840 1675 885 1726 est

136 1761 188 1813 300
200 1758 229 1810 et
240 1747 350 1826 gelidas
364 1749 445 1808 citius
457 1766 510 1826 per
522 1750 633 1808 viscera
645 1751 768 1809 concitat
782 1767 881 1827 auras,

201 1852 273 1912 quae
287 1830 436 1892 tremulum
449 1832 554 1893 iaciunt
568 1833 700 1893 membris
716 1835 841 1894 existere
853 1844 966 1895 motum.

100 1910 102 1915 ’
200 1927 228 1978 at
242 1927 339 1978 natura
352 1917 436 1976 boum
451 1916 564 1996 placido
575 1919 666 1994 magis
679 1924 747 1976 atre
760 1919 845 1994 vivit,

201 2020 256 2061 nec
267 2003 347 2061 nimis
361 2003 409 2060 irai
420 2000 468 2059 lax
482 2018 610 2078 umquam
626 2000 736 2060 subdita
750 2003 843 2079 percit

200 2084 319 2158 fumida,
332 2083 498 2144 suffundens
515 2101 620 2143 caecae
636 2082 763 2160 caliginis
775 2085 888 2162 umbra,

137 2179 189 2232 305
201 2185 256 2227 nec
268 2166 370 2244 gelidis
382 2176 478 2245 torpet
489 2165 555 2227 telis
569 2166 675 2243 perllxa
688 2169 819 2246 pavoris,

202 2253 393 2329 interutraque
405 2259 485 2313 secat
496 2268 599 2311 cervos
611 2268 773 2328 saevosque
785 2250 895 2313 leones.

202 2338 244 2396 sic
255 2334 396 2395 hominum
407 2354 498 2413 genus
514 2345 568 2396 est.
588 2336 713 2413 quamvis
726 2335 853 2396 doctrina
865 2335 970 2414 politos

204 2422 355 2480 constituat
367 2422 472 2499 pariter
483 2418 635 2498 quosdam,
650 2429 743 2479 tamen
753 2419 801 2479 illa
812 2419 945 2498 relinquit

173 2534 178 2541 ·
202 2515 315 2564 naturae
328 2505 466 2582 cuiusque
478 2505 559 2563 animi
575 2505 695 2580 vestigia
706 2506 802 2582 prima.

139 2598 191 2652 310
201 2608 255 2649 nec
267 2588 400 2647 radicitus
414 2586 501 2647 evelli
516 2585 586 2645 mala
598 2603 687 2663 posse
698 2586 895 2664 putandumst,

202 2674 268 2749 quin
281 2669 436 2750 proclivius
448 2670 494 2729 hic
506 2672 561 2728 iras
573 2668 704 2729 decurrat
715 2671 750 2731 ad
761 2673 852 2748 acris,

202 2753 252 2814 ille
265 2763 342 2813 metu
358 2755 439 2814 citius
452 2751 537 2832 paulo
548 2762 719 2831 temptetur,
732 2764 760 2814 at
772 2753 820 2814 ille

204 2839 303 2898 tertius
314 2837 436 2915 accipiat
448 2835 584 2916 quaedam
596 2836 762 2898 clementius
774 2844 876 2917 aequo.

203 2924 287 2999 inque
299 2919 361 2981 aliis
373 2920 460 2981 nehus
471 2920 565 2982 multis
577 2920 691 2982 dillerre
706 2932 858 2982 necessest

138 3015 189 3069 sto
200 3015 312 3067 naturas
324 3005 465 3065 hominum
475 3008 566 3065 varias
577 3023 729 3082 moresque
740 3008 888 3083 sequacis;

204 3107 323 3168 quorum
335 3108 391 3168 ego
403 3109 476 3148 nunc
491 3107 604 3168 nequeo
621 3107 723 3149 caecas
735 3107 883 3166 exponere
900 3108 1018 3170 causas,

203 3192 258 3234 nec
267 3176 396 3252 reperire
408 3175 557 3251 figurarum
568 3183 610 3232 tot
621 3175 731 3232 nomina
743 3183 811 3250 quot
822 3183 887 3234 sunt

204 3259 366 3335 principiis,
380 3256 453 3316 unde
464 3257 535 3316 haec
547 3260 634 3316 oritur
644 3259 776 3316 variantia
790 3275 893 3318 rerum.

203 3340 273 3400 illud
284 3343 311 3400 in
324 3341 368 3402 his
378 3342 464 3402 rebus
481 3340 579 3400 videor
590 3341 698 3400 firmare
714 3349 852 3418 potesse,

138 3434 191 3488 3⁶20
206 3443 296 3504 usque
307 3425 379 3485 adeo
391 3435 548 3485 naturarum
559 3425 680 3501 vestigia
690 3423 778 3501 linqui
