2310 3892
117 205 176 269 178
594 202 634 263 v1

202 375 285 452 copia
296 372 454 431 nimborum
466 372 547 432 turba
558 372 664 431 maiore
676 378 776 430 coacta

200 465 300 534 urget,
317 454 353 513 de
365 472 471 533 supero
483 456 604 535 premit,
615 453 726 515 aclacit
738 452 859 513 effluere
871 453 982 518 imbris¹

199 548 348 620 praeterea
361 556 423 597 cum
435 549 583 600 rarescunt
595 556 710 617 quoque
722 535 818 597 uubila
830 539 923 597 ventis

199 633 246 683 aut
261 620 470 700 dissolvuntur,
485 622 556 684 solis
569 640 658 701 super
668 624 724 681 icta
738 619 854 698 calore,

138 718 188 770 515
202 709 314 767 mittunt
325 723 451 765 umorem
464 707 605 785 pluuium,
621 704 802 783 stillautque,
819 707 900 782 quasi
915 708 976 785 igni

201 809 267 850 cera
279 808 367 869 super
377 788 470 850 calido
482 790 635 851 tabescens
647 788 732 849 multa
744 788 895 867 liquescat.

200 874 252 935 sed
264 892 381 933 vemens
394 874 484 933 imber
496 875 542 951 lit,
559 875 606 934 ubi
621 881 769 933 vementer
783 882 902 951 utraque

200 957 295 1017 nubila
307 960 333 1015 ui
347 956 485 1017 cumulata
497 966 662 1036 premuntur
674 967 703 1017 et
712 958 819 1035 impete
832 958 918 1017 venti.

201 1051 228 1102 at
239 1059 386 1101 remanere
398 1040 443 1099 diu
456 1040 569 1119 pluviae
582 1040 755 1119 longumque
766 1042 868 1099 morari

136 1136 187 1187 520
203 1134 391 1201 consuerunt,
404 1124 548 1185 ubimulta
561 1126 671 1185 cientur
682 1125 788 1183 semina
799 1140 951 1204 aquarum,

199 1220 287 1288 atque
300 1207 362 1268 aliis
377 1207 449 1268 aliae
462 1210 553 1269 nubes
565 1209 708 1286 nimbique
720 1210 845 1285 rigantes

200 1295 317 1371 insuper
326 1301 411 1370 atque
423 1294 497 1351 omni
508 1291 596 1369 vulgo
608 1291 644 1352 de
656 1300 735 1369 parte
749 1290 893 1369 feruntur,

200 1386 333 1453 terraque
347 1393 409 1434 cum
421 1375 530 1435 fumans
543 1393 668 1435 umorem
680 1383 738 1435 tota
750 1373 886 1435 redbalat.

201 1459 248 1519 hic
261 1460 308 1518 ubi
320 1459 363 1519 sol
376 1458 479 1536 radiis,
492 1467 690 1538 tempestatem
702 1460 775 1517 inter
785 1474 921 1537 opacam,

137 1552 187 1605 525
203 1543 321 1603 adversa
333 1542 412 1601 lulsit
423 1542 579 1602 nimborum
590 1543 741 1620 aspargine
756 1551 869 1619 contra,

201 1636 260 1686 tum
274 1624 355 1686 color
367 1627 393 1682 in
408 1627 495 1702 nigris
509 1627 605 1686 existit
615 1626 737 1686 nubibus
748 1626 835 1703 arqui.

243 1708 346 1769 Cetera
362 1727 434 1786 quae
447 1726 576 1768 scorsum
590 1718 723 1769 crescunt
735 1725 923 1787 seorsumque
937 1721 1092 1791 creantur,

201 1806 230 1855 et
242 1812 314 1872 quae
328 1803 517 1853 concrescunt
529 1796 555 1852 in
567 1793 705 1869 nubibus,
719 1794 826 1871 omnia,
839 1810 971 1871 prorsum

203 1880 311 1954 omnia,
324 1879 388 1953 nix,
400 1879 494 1954 venti,
509 1877 633 1954 grando,
647 1875 817 1954 gelidaeque
828 1878 964 1956 pruinae,

138 1970 189 2024 530
204 1972 233 2022 et
245 1963 288 2022 vis
299 1978 398 2038 magno
410 1960 486 2037 geli,
499 1978 628 2038 magnum
641 1961 772 2020 duramen
784 1977 918 2038 aquarum
927 1986 952 2039 ,ο

202 2055 230 2105 et
242 2062 319 2104 mora
332 2062 404 2122 quae
416 2044 517 2103 fluvios
530 2047 634 2122 passim
646 2043 770 2103 refrenat
783 2045 893 2122 euntis,

201 2126 369 2205 perfacilest
384 2136 476 2185 tamen
488 2127 560 2187 baec
572 2129 701 2206 reperire
715 2129 865 2205 animoque
876 2127 976 2188 videro

203 2213 293 2271 omnia
306 2227 362 2288 quo
379 2221 465 2288 pacto
477 2212 542 2271 liant
554 2228 678 2289 quareve
691 2220 840 2287 creentur,

204 2313 265 2355 cum
281 2293 354 2354 bene
368 2296 502 2371 cognoris
518 2295 668 2354 elementis
680 2293 787 2354 reddita
800 2312 871 2372 quae
885 2295 950 2356 sint.

138 2386 189 2439 535
245 2376 326 2438 Nunc
338 2397 411 2456 age,
424 2396 496 2455 quae
508 2380 578 2439 ratio
590 2380 675 2438 terrai
688 2378 810 2438 motibus
822 2387 901 2438 extet

203 2464 332 2540 percipe.
346 2472 375 2522 et
386 2463 413 2520 in
427 2464 522 2540 primis
535 2473 636 2522 terram
648 2461 694 2521 iac
705 2472 735 2521 nt
747 2480 814 2522 esse
826 2463 915 2521 rearis

202 2556 302 2624 suptcr
313 2548 379 2605 item
392 2555 422 2604 ut
434 2562 538 2622 supera
550 2548 678 2607 ventosis
687 2544 810 2623 undique
822 2543 934 2623 plenam

203 2628 367 2707 speluncis,
380 2628 541 2707 multosque
554 2628 633 2689 lacus
644 2629 803 2707 multasque
814 2626 933 2689 lucunas

202 2714 230 2772 in
245 2714 354 2789 gremio
368 2730 472 2789 gerere
484 2721 514 2772 et
525 2731 611 2792 rupes
627 2714 803 2792 deruptaque
815 2730 897 2772 saxa:

140 2804 192 2857 540
205 2795 348 2873 multaque
361 2795 414 2855 sub
431 2805 514 2873 tergo
527 2798 611 2855 terrai
624 2797 734 2856 ilumina
746 2806 822 2857 tecta
891 2840 896 2849 .

202 2878 323 2939 volvere
335 2880 361 2937 vi
375 2879 477 2940 iluctus
490 2898 702 2959 summersaque
717 2898 783 2941 saxa
796 2879 992 2957 putandumst:

206 2963 328 3042 undique
341 2966 413 3024 enim
426 2963 546 3025 similem
558 2983 625 3026 esse
638 2967 680 3024 sui
695 2983 742 3024 res
756 2963 880 3042 postolat
891 2965 962 3042 ipsa.

203 3046 246 3108 bis
259 3050 344 3126 igitur
354 3048 441 3110 rebus
452 3049 609 3110 subiunctis
621 3049 834 3127 suppositisque

203 3141 278 3192 terra
290 3150 414 3211 superne
426 3135 517 3193 tremit
529 3134 636 3210 magnis
650 3149 788 3194 concussu
799 3134 902 3208 ruinis,

139 3223 191 3275 545
207 3216 306 3275 subter
317 3216 364 3275 ubi
376 3218 498 3294 ingentis
511 3215 664 3294 speluncas
677 3216 785 3276 subruit
797 3225 889 3276 coms:

204 3301 312 3378 quippe
326 3300 427 3361 cadunt
438 3303 489 3360 toti
501 3311 629 3376 montes,
642 3316 801 3378 magnoque
815 3307 935 3378 repente
967 3360 971 3367 ,

205 3400 349 3443 concussu
360 3383 416 3445 late
429 3383 591 3463 disserpunt
601 3382 666 3443 iude
677 3393 825 3444 tremores.

204 3476 233 3527 et
244 3470 363 3546 mcrito,
379 3471 509 3547 quoniam
520 3466 637 3546 plaustri
651 3485 790 3528 concussa
802 3474 977 3527 tremescunt
