2288 3886
133 188 193 252 160
609 188 637 247 V

214 375 297 435 quam
307 357 404 433 biiugo
419 373 501 414 eumu
514 354 583 414 belii
598 363 738 432 temptare
752 355 869 433 periela.

215 451 243 500 et
259 441 370 516 biiugos
383 440 461 515 prius
472 447 518 498 est
531 456 613 516 quam
628 437 672 497 bis
684 440 859 516 ooniungere
871 439 954 503 binos

214 534 243 583 et
256 539 338 601 quam
349 521 495 582 falciferos
507 531 641 581 armatum
652 521 813 581 escendere
825 540 935 584 currus.

131 617 199 671 1300
216 606 281 666 inde
298 606 388 665 boves
400 603 480 664 luoas
494 608 594 664 turrito
606 622 746 682 corpore,
760 614 865 682 tetras,

213 691 412 766 anguimanus,
429 687 497 747 belli
512 688 668 748 docuerunt
679 687 797 747 volnera
808 687 895 749 Poeni

213 773 334 833 sufferre
346 781 375 831 11
386 790 501 849 magnas
513 770 610 831 Martis
622 772 736 832 turbare
752 782 889 832 catervas.

213 859 256 917 sic
269 855 324 915 1111
336 874 375 916 ex
384 854 440 914 alio
456 856 569 933 peperit
584 855 725 915 discordia
739 857 844 932 tristis,

212 938 348 999 horribile
360 937 486 998 humanis
498 937 574 1016 quod
586 939 718 1014 gentibus
731 948 811 998 esset
823 940 850 998 in
861 940 966 1015 armis,

129 1032 196 1087 1305
212 1025 298 1100 inque
311 1022 373 1082 dies
385 1021 454 1081 belii
466 1021 622 1081 terroribus
634 1021 738 1081 addidit
749 1040 879 1099 augmen.

254 1106 435 1186 Temptarunt
450 1107 533 1165 etiam
547 1114 642 1165 tauros
657 1106 685 1164 in
696 1122 832 1165 moenere
843 1104 931 1183 belli,

208 1192 380 1268 expertique
394 1208 462 1249 sues
477 1205 580 1248 saevos
592 1198 656 1248 sunt
666 1190 778 1248 mittere
792 1191 821 1247 in
832 1188 933 1250 hostis.

211 1284 240 1333 et
254 1273 363 1334 validos
374 1274 475 1352 partim
486 1289 553 1350 prae
567 1291 599 1332 se
612 1273 716 1331 misere
728 1272 830 1333 leones

212 1376 274 1417 eum
286 1357 450 1417 doctoribus
462 1358 573 1415 armatis
588 1358 740 1433 saevisque
755 1356 913 1434 magistris,

128 1450 197 1504 1310
213 1442 260 1527 qui
271 1439 443 1499 moderarier
454 1439 498 1499 his
511 1449 629 1518 possent
640 1438 800 1517 vinetisque
811 1449 930 1518 tenere,

212 1525 397 1600 nequiquam,
411 1525 540 1600 quoniam
555 1523 692 1599 permixta
705 1523 793 1582 caede
808 1522 937 1584 calentes

210 1607 358 1666 turbabant
370 1608 447 1665 saevi
458 1605 536 1665 nullo
552 1607 712 1665 discrimine
724 1615 844 1683 turmas,

211 1691 360 1768 [terrificas
376 1692 497 1767 capitum
509 1691 667 1766 quatientes
680 1689 804 1768 undique
817 1689 930 1769 cristas]

209 1792 264 1833 nee
276 1782 405 1857 poterant
417 1776 528 1851 equites
541 1772 654 1833 irembu
664 1774 815 1852 perterrita
830 1791 968 1852 equorum

128 1864 194 1919 1315
210 1868 329 1936 peetora
340 1856 467 1916 mulcere
483 1866 512 1916 et
525 1855 613 1918 irenis
629 1865 799 1917 convertere
811 1859 839 1915 in
850 1856 951 1919 hostis.

209 1944 318 2000 inritata
333 1941 395 2001 leae
407 1942 547 2001 iaciebant
559 1956 679 2018 eorpora
694 1939 766 2000 saltu

210 2025 350 2102 undique,
364 2034 393 2084 et
403 2024 553 2083 adversum
564 2024 743 2084 venientibus
759 2040 808 2083 ora
819 2024 972 2103 petebant,

210 2119 239 2168 et
252 2108 447 2185 necopinantis
457 2125 473 2166 a
484 2117 567 2183 tergo
580 2107 773 2186 deripiebant,

209 2190 407 2269 deplexaeque
420 2188 520 2250 dabant
532 2192 559 2248 in
573 2200 675 2250 terram
686 2191 806 2250 volnere
817 2192 927 2268 rietes,

125 2283 194 2338 1320
210 2275 350 2334 morsibus
361 2274 470 2334 adiixae
485 2273 584 2335 validis
595 2284 679 2353 atque
691 2275 831 2352 unguibus
842 2277 932 2334 urreis.

208 2358 405 2436 iactabantque
416 2375 485 2419 suos
497 2361 567 2420 tauri
579 2358 757 2437 pedibusque
769 2358 916 2434 terebant,

208 2453 237 2504 11
251 2442 338 2503 latera
352 2461 386 2502 ae
399 2453 515 2503 ventres
529 2442 674 2503 hauribant
685 2451 784 2521 supter
795 2458 931 2519 equorum

209 2526 358 2604 cornibus,
372 2535 401 2585 et
415 2535 518 2586 terram
528 2528 661 2586 minitanti
674 2525 766 2585 fronte
778 2526 905 2585 ruebant.

208 2620 236 2670 et
249 2610 348 2670 validis
363 2613 460 2671 socios
474 2610 629 2670 caedebant
641 2610 771 2670 dentibus
782 2611 860 2688 apri,

125 2702 192 2755 1325
209 2693 266 2752 tela
278 2693 395 2752 infracta
407 2710 459 2753 suo
472 2697 635 2771 tinguentes
648 2695 784 2771 sanguine
799 2695 895 2770 saevi,

87 2796 92 2800 ·
209 2778 247 2854 [in
259 2795 290 2834 se
303 2775 391 2834 fracta
403 2794 455 2835 suo
467 2778 629 2853 tinguentes
645 2779 781 2854 sanguiue
793 2775 862 2854 tela]

206 2860 416 2937 permixtasque
429 2859 530 2920 dabant
543 2863 667 2938 equitum
679 2861 860 2938 peditumque
875 2862 986 2923 ruinas:

207 2961 269 3002 nam
283 2952 443 3004 transversa
455 2943 532 3004 ieros
545 2945 659 3004 exibant
670 2944 762 3003 dentis
775 2944 890 3003 adactus

207 3029 329 3086 iumenta
340 3036 387 3087 aut
398 3028 518 3106 pedibus
532 3037 635 3088 ventos
647 3036 744 3087 erecta
755 3028 906 3107 petebant,

124 3114 191 3170 1330
204 3113 389 3188 nequiquam,
404 3113 534 3188 quoniam
544 3112 579 3171 ab
591 3112 686 3170 nervis
699 3113 811 3172 suoeisa
820 3110 934 3172 videres

207 3194 358 3252 concidere
370 3203 454 3272 atque
465 3197 544 3271 gravi
555 3204 656 3254 terram
668 3203 852 3254 consternere
864 3212 940 3255 easu.

207 3278 231 3335 si
243 3294 314 3353 quos
329 3286 393 3336 ante
405 3278 479 3337 domi
492 3279 612 3338 domitos
624 3279 692 3338 satis
704 3295 770 3337 esse
781 3279 932 3358 putabant,

208 3359 403 3420 effervescere
416 3363 568 3422 cernebant
579 3364 607 3421 11
619 3360 707 3420 rebus
718 3361 853 3439 agundis,

209 3440 390 3523 volneribus,
403 3444 543 3523 elamore,
555 3445 638 3523 iuga,
650 3454 778 3524 terrore,
789 3445 925 3525 tumultu,
