2288 3886
41 346 43 355 ·
152 321 232 383 multa
247 319 391 382 clementa
401 320 483 381 vides
495 320 590 381 multis
604 323 760 382 communia
775 323 888 399 verbis,

41 406 43 453 ἶ
96 414 140 469 885
152 425 210 466 cum
220 416 314 466 tamen
328 406 445 466 interae
458 423 559 464 versus
571 423 605 464 ac
617 405 704 465 verba
716 416 869 467 necessest

153 491 305 550 confiteare
317 497 346 548 et
357 507 389 547 re
402 498 431 548 et
443 490 537 548 souitu
549 489 653 548 distare
666 493 784 549 sonanti.

150 583 253 634 tantum
265 572 409 633 elementa
420 581 526 651 queunt
539 581 698 650 permutato
711 573 809 634 ordine
822 575 902 635 solo:

150 668 176 719 at
189 675 283 717 rerum
296 674 369 736 quae
381 664 446 717 sunt
457 655 624 734 primordia,
638 655 719 735 plura
731 657 865 718 adbibere

150 750 269 822 possunt
280 740 355 800 unde
368 749 471 818 queant
483 741 576 800 variae
594 758 641 800 res
653 759 782 820 quaeque
796 746 894 803 creari.

90 834 139 890 830
188 824 271 885 Nunc
284 834 313 885 et
325 825 511 901 Anaxagorae
523 833 682 884 scrutemur
693 824 921 886 homoeomerian

150 929 233 989 quam
244 908 310 969 Grai
321 917 476 968 memorant
487 926 542 968 nec
553 916 649 968 nostra
662 908 757 969 dicere
769 909 863 988 lingua

149 992 283 1055 concedit
295 992 378 1052 nobis
389 994 470 1071 patrii
482 994 621 1052 sermonis
634 1001 765 1069 egestas,

147 1077 200 1140 sed
211 1087 306 1137 tamen
321 1079 410 1156 ipsam
422 1094 483 1135 rem
494 1075 607 1136 facilest
619 1094 764 1154 exponere
777 1079 882 1138 verbis.

148 1163 308 1242 principio,
320 1178 415 1221 rerum
426 1177 511 1239 quom
524 1160 592 1219 dicit
603 1159 851 1238 homoeomerian,

84 1254 136 1309 885
148 1264 233 1323 ossa,
245 1243 400 1322 videlicet,
413 1263 430 1304 e
442 1243 573 1323 pauxllbs
585 1254 670 1322 atque
682 1246 794 1305 minutis

149 1330 264 1392 ossibus
275 1329 322 1389 bic
337 1338 366 1390 et
378 1328 414 1389 de
426 1327 557 1407 pauxillis
569 1337 654 1407 atque
666 1330 778 1389 minutis

146 1415 309 1475 visceribus
321 1415 418 1474 viscus
430 1413 509 1491 gigni
524 1431 707 1490 sanguenque
723 1417 813 1474 creari

147 1500 294 1576 sanguinis
308 1499 382 1558 inter
396 1517 428 1558 se
441 1496 536 1557 multis
550 1497 712 1557 coeuntibu'
723 1501 810 1575 guttis

147 1602 186 1644 ex
195 1583 312 1661 aurique
324 1590 403 1660 putat
413 1583 494 1659 micis
511 1583 669 1641 consistere
681 1600 769 1660 posse

80 1678 137 1732 840
147 1685 247 1727 aurum
258 1676 287 1726 et
299 1665 335 1725 de
347 1669 431 1726 terris
446 1676 548 1727 terram
562 1683 753 1727 concrescere
766 1672 878 1747 parvis,

147 1752 263 1830 ignibus
276 1769 313 1811 ex
324 1751 414 1828 ignis,
428 1767 553 1810 umorem
564 1749 707 1810 umoribus
720 1770 804 1828 esse,

149 1846 247 1896 cetera
262 1833 400 1894 consimili
411 1835 488 1912 lingit
500 1835 609 1894 ratione
620 1842 764 1912 putatque.

147 1939 203 1980 nec
216 1928 310 1979 tamen
321 1936 389 1979 csse
401 1917 458 1980 ulla
468 1917 542 1978 idem
554 1936 590 1976 ex
603 1927 682 1995 parte
695 1920 722 1976 in
734 1919 819 1978 rebus
832 1921 913 1979 inane

150 2001 302 2079 concedit,
315 2021 409 2081 neque
423 2002 591 2081 corporibus
605 2002 687 2060 linem
700 2020 767 2062 csse
780 2004 920 2065 secandis.

81 2097 135 2151 845
148 2107 235 2167 quare
248 2088 406 2163 inutraque
417 2086 484 2145 mibi
495 2087 600 2164 pariter
611 2088 718 2146 ratione
730 2088 841 2147 videtur

149 2190 245 2233 errare
257 2179 341 2249 atque
353 2169 413 2247 illi,
425 2188 510 2249 supra
523 2187 594 2248 quos
610 2169 728 2231 diximus
740 2182 813 2232 ante.

148 2255 221 2317 adde
236 2254 312 2333 quod
324 2254 459 2314 inbecilla
471 2256 550 2315 nimis
563 2255 713 2332 primordia
724 2257 817 2333 dugit;

149 2343 173 2401 si
184 2337 336 2419 primordia
347 2349 431 2415 sunt,
444 2337 526 2398 simili
538 2357 610 2416 quae
622 2338 747 2416 praedita
760 2351 889 2400 constant

147 2434 245 2485 natura
255 2433 340 2502 atque
354 2425 433 2501 ipsae
444 2442 492 2483 res
505 2431 587 2498 sunt,
600 2440 748 2500 aequeque
761 2422 887 2483 laborant

85 2517 138 2572 850
148 2519 177 2569 ct
190 2518 325 2587 pereunt,
338 2526 432 2586 neque
444 2507 479 2568 ab
492 2508 578 2568 exitio
590 2524 637 2566 res
650 2505 707 2564 ulla
718 2506 850 2566 relrenat.

149 2611 211 2652 nam
222 2591 289 2671 quid
300 2594 328 2650 in
338 2608 480 2670 oppressu
492 2590 585 2651 valido
597 2591 705 2650 durabit
717 2608 830 2668 eorum,

149 2685 178 2736 ut
190 2684 309 2736 mortem
321 2675 454 2754 effugiat,
470 2676 520 2736 leti
533 2674 727 2737 subdentibus
740 2676 809 2753 ipsis
817 2673 831 2734 l

149 2761 239 2838 ignis,
252 2778 287 2819 an
298 2777 394 2837 umor,
407 2779 440 2819 an
452 2757 541 2820 aura‘l
552 2759 618 2837 quid
629 2756 749 2819 horum'l
767 2780 911 2839 sanguen,
929 2782 963 2844 an
977 2759 1063 2824 ossal

148 2844 204 2921 nil,
217 2855 247 2905 ut
259 2846 377 2923 opinor,
391 2845 438 2904 ubi
451 2862 487 2904 ex
499 2861 590 2922 aequo
603 2862 650 2903 res
662 2843 786 2905 funditus
799 2849 887 2906 omnis

88 2933 137 2989 855
149 2938 204 2990 tam
214 2929 339 2988 mortalis
352 2929 405 2989 erit
418 2946 499 3006 quam
511 2946 582 3005 quae
594 2929 741 2988 manilesta
752 2930 878 2991 videmus

149 3032 184 3073 ex
197 3010 288 3074 oculis
300 3014 405 3073 nostris
417 3011 509 3090 aliqua
519 3014 547 3069 vi
562 3013 637 3072 victa
648 3014 751 3090 perire.

148 3107 175 3157 at
187 3115 281 3175 neque
293 3096 443 3157 reccidere
454 3096 488 3154 ad
500 3095 585 3155 nilum
596 3115 643 3157 res
656 3114 744 3175 posse
757 3117 850 3176 neque
862 3108 955 3160 autern

149 3199 284 3242 cresccre
297 3181 332 3240 de
344 3180 401 3240 nilo
413 3190 504 3241 testor
515 3200 562 3241 res
575 3191 638 3240 ante
650 3182 792 3259 probatas.

147 3274 295 3343 praeterea
308 3267 438 3346 quoniam
451 3266 531 3326 cibus
542 3275 627 3342 auget
640 3283 744 3345 corpus
756 3264 879 3344 alitque,

89 3351 138 3411 860
147 3350 222 3410 scire
233 3348 303 3410 licei
314 3349 397 3410 nobis
409 3367 496 3410 venas
510 3358 538 3409 et
550 3367 675 3426 sanguen
687 3359 716 3410 et
730 3368 795 3409 ossa
