2288 3886
99 186 142 248 66
582 181 623 242 lll

184 363 269 431 atque
282 354 389 412 animae
405 352 485 428 quasi
497 368 563 430 pars
575 351 712 428 hominis,
725 349 813 411 redde
825 351 979 414 harmoniai

185 454 304 514 nomen,
317 433 352 494 ad
364 436 515 513 organicos
527 433 586 494 alto
597 433 719 495 delatum
730 434 876 497 Heliconi:

186 523 248 581 sive
259 518 372 580 aliunde
384 522 439 599 ipsi
452 536 539 597 pomo
549 529 664 579 traxere
680 527 708 578 et
720 516 835 578 inillam

184 604 404 681 transtulerunt,
417 605 534 682 proprio
547 612 688 680 quactum
700 604 872 663 resnomine
885 606 1002 682 egebat.
1074 626 1079 636 ¹

124 699 174 753 135
189 687 325 767 quidquid
338 689 372 748 id
384 697 446 765 est,
458 686 594 747 habeant:
606 696 635 746 tu
648 696 744 747 cetera
756 689 876 766 percipe
887 687 971 749 dicta.

227 771 310 832 Nunc
321 773 440 832 animum
452 780 537 849 atque
549 773 664 831 animam
681 770 745 830 dico
759 773 909 832 coniuncta
921 774 1016 834 teneri

186 861 260 918 inter
272 876 305 917 se
317 865 402 934 atque
417 873 499 914 unam
510 864 635 915 naturam
647 856 791 915 conficere
803 874 842 915 ex
852 876 902 934 se,

187 941 240 1004 sed
256 950 340 1019 caput
355 959 423 1000 esse
437 941 517 1017 quasi
529 949 558 999 et
571 939 706 999 dominari
717 941 745 999 in
759 957 881 1018 corpore
897 951 959 1002 toto

188 1024 352 1102 consillum,
367 1023 443 1102 quod
454 1040 507 1083 nos
520 1025 639 1083 animum
649 1032 829 1101 mentemque
844 1043 991 1086 vocamus.

123 1120 176 1174 140
186 1110 272 1188 idque
284 1110 367 1170 situm
379 1107 470 1168 media
480 1109 601 1184 regione
612 1109 640 1166 in
652 1109 778 1184 pectoris
790 1107 899 1168 haeret.

185 1194 233 1254 hic
246 1191 354 1253 exultat
366 1193 441 1251 enim
455 1209 544 1269 pavor
558 1210 592 1252 ac
604 1201 712 1269 metus,
727 1191 798 1252 haec
810 1190 875 1252 loca
888 1194 996 1254 circum

187 1279 310 1338 laetitiae
322 1274 463 1335 mulcent:
476 1274 522 1334 bic
535 1293 605 1352 ergo
618 1294 697 1335 mens
710 1277 911 1354 animusquest.

189 1370 286 1422 cetera
297 1377 363 1438 pars
376 1361 483 1418 animae
495 1377 548 1437 per
559 1369 649 1420 totum
660 1359 757 1419 dissita
771 1378 875 1438 corpus

187 1455 268 1524 paret
280 1453 309 1503 et
321 1442 355 1502 ad
366 1460 468 1502 numen
480 1445 582 1502 mentis
595 1460 764 1522 momenque
778 1454 916 1504 movetur.

126 1539 175 1592 145
188 1529 274 1606 idque
286 1528 340 1587 sibi
353 1526 445 1586 solum
456 1545 554 1604 perse
566 1528 653 1605 sapit:
665 1528 700 1586 id
712 1529 765 1587 sibi
777 1528 898 1607 gaudet,

190 1631 253 1674 cum
265 1629 359 1688 neque
373 1629 421 1670 res
438 1613 555 1670 animam
566 1629 660 1687 neque
677 1629 781 1690 corpus
794 1624 954 1674 commovet
966 1633 1030 1674 uua.

189 1707 218 1756 et
231 1697 327 1774 quasi,
342 1713 404 1755 cum
418 1705 501 1774 caput
513 1704 560 1753 aut
573 1693 674 1754 oculus
686 1705 841 1775 temptante
856 1696 956 1757 dolore

188 1779 309 1840 laeditur
320 1781 348 1838 iu
360 1779 460 1857 nobis,
471 1796 528 1846 non
541 1781 840 1848 omniconcruciamur

190 1882 330 1943 corpore,
347 1865 390 1924 sic
402 1864 508 1925 animus
521 1881 727 1943 nonnumquam
739 1863 859 1924 laeditur
869 1867 933 1944 ipse

126 1961 176 2011 150
189 1950 354 2025 laetitiaque
365 1950 462 2025 viget,
477 1967 540 2008 cum
553 1957 649 2008 cetera
662 1965 727 2026 pars
739 1949 837 2008 animai

189 2052 242 2112 per
253 2033 379 2091 membra
390 2041 475 2107 atque
487 2040 563 2090 artus
576 2030 651 2089 nulla
663 2033 787 2091 novitate
800 2034 904 2093 cietur:

189 2132 288 2175 verum
300 2115 348 2173 ubi
359 2115 484 2172 vementi
496 2116 585 2191 magis
600 2123 646 2174 est
658 2125 796 2175 commota
809 2126 885 2176 metu
897 2135 996 2196 mens,

192 2199 355 2259 consentire
369 2198 488 2256 animam
500 2207 588 2257 totam
600 2216 653 2276 per
664 2200 788 2259 membra
799 2199 945 2279 videmus,

190 2281 371 2359 sudoresque
386 2283 424 2341 ita
436 2279 634 2361 palloremque
646 2285 772 2343 existere
788 2293 848 2343 toto

127 2379 177 2430 155
194 2383 317 2446 corpore
329 2375 358 2426 et
368 2365 482 2444 infringi
499 2366 622 2444 linguam
634 2384 793 2446 vocemque
806 2368 927 2446 aboriri,

192 2451 316 2530 caligare
329 2451 448 2529 oculos,
462 2469 566 2512 sonere
579 2454 653 2511 auris
664 2498 671 2529 ‚
684 2451 835 2512 succidere
848 2462 943 2530 artus,

191 2537 314 2614 denique
326 2535 479 2596 concidere
491 2554 528 2595 ex
540 2538 621 2595 animi
633 2544 742 2594 temore
754 2535 883 2596 videmus

191 2638 281 2697 saepe
296 2619 441 2687 bomines;
454 2618 539 2677 facile
553 2628 582 2677 ut
594 2620 686 2695 quivis
699 2619 764 2679 hinc
777 2637 900 2680 noscere
913 2621 1007 2699 possit

191 2723 258 2765 esse
273 2705 390 2761 animam
402 2720 465 2760 cum
476 2703 567 2761 animo
584 2704 776 2780 coniunctam,
789 2722 862 2781 quac
879 2722 941 2764 cnm
954 2705 1037 2765 animi
1050 2707 1080 2766 vl

127 2799 178 2852 160
190 2795 374 2867 percussam,
391 2787 466 2845 exim
480 2803 584 2864 corpus
596 2786 732 2866 propellit
745 2796 774 2846 et
786 2790 843 2847 icit.

232 2870 311 2929 Haec
324 2868 424 2928 eadem
436 2871 507 2929 ratio
518 2878 641 2930 naturam
654 2873 734 2930 animi
746 2880 831 2950 atque
843 2874 942 2931 animai

191 2971 359 3033 corpoream
372 2952 457 3013 docet
469 2973 551 3014 esse:
564 2956 611 3014 ubi
627 2957 700 3014 enim
711 2954 876 3034 propellere
889 2956 1030 3034 membra,

192 3041 338 3117 corripere
351 3056 389 3097 ex
400 3055 499 3098 somno
516 3056 638 3118 corpus,
650 3048 815 3116 mutareque
828 3039 935 3099 vultum

191 3133 276 3202 atque
289 3122 430 3182 bominem
442 3131 532 3183 totum
543 3142 647 3202 regere
660 3143 694 3183 ac
705 3141 823 3184 vereare
839 3123 967 3200 videtur,

128 3218 177 3272 165
191 3225 310 3287 quorum
324 3206 363 3266 nil
377 3206 437 3266 lieri
450 3209 510 3268 sine
522 3217 598 3268 tactu
612 3225 699 3286 posse
711 3207 857 3286 molemus,

190 3311 246 3352 nec
258 3300 363 3352 tactum
375 3308 461 3370 porro
474 3294 536 3352 sine
549 3309 690 3369 corpore,
702 3309 796 3351 norme
809 3289 980 3352 fatendumst

193 3392 333 3454 corporea
345 3385 442 3435 natura
457 3378 576 3435 animum
590 3384 720 3437 constare
733 3371 930 3452 animamque?
973 3437 975 3441 ,

192 3469 341 3540 praeterea
354 3461 459 3538 pariter
473 3459 552 3536 longi
565 3478 627 3518 curn
642 3476 763 3538 corpore
776 3469 805 3520 et
818 3477 871 3519 uua
