2288 3886
531 186 556 243 V
983 185 1040 251 131

59 369 111 423 195
171 354 256 430 Quod
267 355 360 418 eiiam
373 372 468 415 rerum
482 355 612 432 ignorem
623 355 775 433 primordia
788 373 860 435 quae
874 356 946 433 sint,

123 441 181 502 hoo
192 451 286 502 tamen
298 458 336 501 ex
345 440 416 518 ipsis
428 436 501 498 caeli
512 439 666 500 rationibus
679 441 768 500 ausim

126 525 292 586 confirmare
303 521 424 602 aliisque
439 540 477 582 ex
487 522 574 583 rebus
587 521 709 582 reddere
722 523 833 602 multis,

124 625 304 689 nequaquem
316 608 400 667 nobis
413 604 544 666 divinitus
558 625 626 666 esse
637 617 760 684 paratam

124 702 252 753 naturam
262 708 372 752 rerum:
387 698 461 750 tauta
472 698 527 749 stat
538 689 665 767 praedita
675 690 768 769 eulpa.

56 789 112 842 200
124 777 267 858 prineipio
280 784 412 854 qnantum
427 773 500 833 caeli
511 775 583 850 tegit
594 775 716 852 impetus
727 777 847 853 ingens,

125 858 192 922 inde
201 860 284 920 avide
298 867 408 939 purtem
418 864 529 918 montes
541 856 688 936 silvaeque
701 858 823 918 ferarum

125 943 305 1025 possedere,
316 951 415 1002 tenent
425 958 513 1020 mpes
524 951 679 1019 vastaeque
693 940 812 1021 paludes

126 1039 156 1090 et
166 1045 261 1104 mare,
278 1025 354 1106 quod
367 1024 425 1086 late
436 1033 574 1085 terrarum
585 1024 700 1085 distinet
712 1042 785 1086 oras.

124 1112 190 1172 inde
204 1111 273 1171 duas
283 1125 371 1190 porro
384 1126 478 1189 prope
490 1109 577 1187 partis
588 1108 715 1169 fervidus
727 1108 811 1168 ardor

59 1206 113 1258 205
128 1195 320 1273 adsiduusque
332 1191 392 1270 geli
406 1209 489 1252 casus
500 1191 664 1253 mortalibus
673 1192 773 1253 aufert.

126 1278 202 1358 quod
213 1286 348 1356 superest
359 1277 435 1352 arui,
448 1284 542 1335 tamen
555 1274 583 1335 id
596 1286 694 1337 natura
705 1295 755 1337 sua
766 1279 796 1335 vi

127 1363 257 1424 sentibus
269 1360 410 1437 obducat,
421 1361 450 1418 ui
464 1361 509 1419 ris
524 1359 642 1420 humane
652 1363 767 1423 resistat

126 1447 193 1507 vitai
206 1463 291 1507 causa
301 1443 397 1505 valido
409 1452 547 1504 consueta
558 1443 664 1505 bidenti

127 1533 274 1608 ingemere
285 1538 315 1589 et
327 1537 430 1588 terram
445 1529 555 1607 pressis
566 1529 753 1607 proscindere
764 1530 862 1590 aratris

61 1625 115 1677 210
127 1617 152 1676 01
165 1631 221 1674 000
233 1613 371 1674 fecundas
384 1620 531 1672 vertentes
542 1630 659 1673 vomere
671 1613 773 1693 glebas

127 1699 271 1776 terraique
284 1694 376 1757 solum
391 1696 558 1774 subigentes
575 1699 663 1758 cimus
676 1698 818 1776 adortus,

128 1791 231 1861 sponte
243 1798 293 1842 sua
304 1789 446 1858 nequeant
459 1778 579 1857 liquidas
591 1781 717 1840 existere
728 1784 757 1840 in
768 1799 866 1857 auras,

126 1876 157 1927 et
170 1876 264 1926 tamen
275 1863 413 1924 interdum
424 1879 526 1940 magno
543 1865 670 1939 quaesita
685 1863 785 1925 labore

128 1968 192 2010 eum
204 1950 258 2009 iam
271 1965 325 2028 per
334 1957 426 2008 terras
438 1945 570 2006 frondent
580 1956 664 2026 atque
677 1949 768 2007 omnia
780 1947 898 2026 dorent,

62 2043 114 2096 215
125 2043 172 2094 aut
183 2033 274 2093 nimiis
288 2040 378 2092 torret
389 2030 550 2090 fervoribus
562 2030 704 2092 aetherius
720 2030 765 2093 sol

128 2127 176 2178 aut
186 2116 271 2177 subiti
287 2123 437 2197 peremunt
449 2115 546 2175 imbris
559 2114 730 2196 gelidaeque
744 2119 878 2197 pruinae,

51 2217 53 2222 ·
129 2201 273 2279 flabraque
284 2209 434 2260 uentorum
445 2196 571 2259 violento
584 2200 696 2261 turbine
708 2212 821 2262 vexant.

128 2293 279 2366 praeterea
289 2302 381 2362 genus
393 2281 562 2342 horriferum
576 2294 672 2344 natura
685 2284 807 2344 ferarum

128 2369 264 2429 humanae
277 2370 357 2445 genti
369 2366 503 2427 infestum
514 2375 646 2445 terraque
658 2370 784 2447 marique

63 2463 117 2515 220
131 2471 181 2513 cur
193 2450 243 2512 alit
253 2459 338 2530 atque
350 2447 455 2528 auget?
468 2469 520 2510 our
530 2451 592 2509 anui
605 2460 733 2529 tempora
745 2451 860 2511 morbos

129 2532 298 2616 adportant?
309 2553 396 2615 quare
407 2551 484 2595 mors
497 2535 632 2594 inmatura
646 2532 786 2612 vagatur?

128 2630 187 2680 tum
197 2635 284 2699 porro
296 2637 386 2700 puer,
399 2629 429 2680 ut
440 2619 534 2679 saeris
544 2620 690 2697 proieetus
700 2619 826 2680 abundis

128 2705 239 2781 navita,
252 2702 343 2764 nudus
356 2702 431 2762 humi
443 2704 532 2780 iacet,
545 2702 653 2782 iulans,
665 2702 777 2782 indigus
791 2705 865 2765 omni

128 2787 207 2849 vitali
221 2786 342 2864 auxilio,
356 2805 420 2847 cunr
430 2788 549 2865 primum
559 2789 587 2846 in
598 2786 707 2848 luminis
723 2807 786 2850 oras

63 2872 241 2935 2250101100
255 2890 293 2931 ex
306 2870 371 2931 alvo
385 2871 480 2930 matris
491 2879 587 2930 natura
598 2871 738 2950 profudit,

130 2957 283 3034 vagituque
295 2955 390 3016 locum
402 2953 517 3032 lugubri
529 2954 669 3033 complet,
683 2965 713 3015 ut
726 2966 873 3035 aequumst

131 3041 177 3103 oui
188 3047 294 3100 tautum
304 3041 332 3098 in
346 3040 403 3098 vita
413 3047 504 3098 restet
514 3040 634 3098 transire
645 3037 790 3098 malorum.

129 3125 262 3184 etruriae
275 3131 409 3183 crescunt
421 3120 549 3201 pecudes
560 3130 685 3181 armenta
696 3121 849 3201 feraeque,

130 3225 186 3268 nee
198 3205 382 3286 crepitacillis
396 3223 468 3285 opus
482 3214 544 3282 est,
557 3223 611 3264 nec
626 3207 755 3284 cuiquem
769 3205 954 3268 adhibendast

64 3300 118 3356 230
129 3290 219 3353 almae
230 3291 348 3351 nutricis
360 3288 461 3350 blanda
472 3298 556 3368 atque
568 3289 685 3349 infracta
696 3289 838 3369 loquella,

131 3394 187 3437 nec
200 3377 291 3436 varias
305 3382 442 3452 quaeruut
453 3381 551 3434 vestes
563 3390 615 3451 pro
628 3383 757 3453 tempore
769 3375 858 3452 caeli,

131 3460 253 3539 denique
265 3475 321 3518 non
333 3459 415 3518 armis
427 3474 499 3535 opus
515 3466 577 3536 est,
590 3474 645 3517 non
656 3460 804 3520 moenibus
815 3459 897 3539 altis,

836 3540 879 3603 9*
