2288 3886
542 174 568 233 V

138 341 228 402 sentit
239 341 314 400 enirn
326 341 382 400 vim
397 341 517 420 quisque
533 358 610 400 suam
625 339 718 418 quoad
728 342 819 420 possit
829 341 914 401 abuti.

140 440 248 484 cornua
259 432 323 484 nata
336 424 415 502 prius
429 423 518 484 vitulo
530 440 613 501 quam
624 424 762 485 frontibus
777 433 892 501 extent,

138 506 199 567 illis
214 508 301 566 iratus
311 508 384 586 petit
398 517 485 584 atque
495 506 617 566 infestus
628 509 748 585 inurget.

139 599 171 651 at
186 590 271 650 catuli
286 590 485 669 pantherarum
501 591 667 669 scymnique
682 590 797 650 leonum

64 686 122 741 035
139 674 284 752 unguibus
294 692 328 733 ac
341 673 463 752 pedibus
472 676 527 732 iam
540 682 599 733 turn
612 690 765 752 morsuque
777 684 955 754 repugnant,

139 759 192 818 vix
203 759 285 818 etiarn
300 775 364 818 cum
375 767 440 818 sunt
452 757 553 817 dentes
568 775 736 835 unguesque
749 758 845 818 creati.

141 840 259 903 alituum
273 857 359 920 porro
374 858 466 917 genus
480 840 533 900 alis
548 857 631 900 omne
641 841 770 902 videmus

143 923 233 986 lidere
245 932 273 984 et
288 943 304 984 a
315 925 408 1002 pinnis
422 922 572 983 tremulum
584 933 684 1001 petere
696 924 866 985 auxiliatum.

143 1005 264 1088 proinde
278 1017 377 1086 putare
388 1006 512 1087 aliquem
523 1015 580 1066 tum
592 1010 703 1067 nomina
718 1007 895 1068 distribuisse

63 1103 127 1159 ‚040
143 1091 249 1168 rebus,
264 1099 293 1150 et
307 1091 373 1151 inde
383 1089 513 1150 homines
525 1090 658 1151 didicisse
672 1090 811 1151 vocabula
826 1092 932 1169 prima,

144 1177 315 1254 desiperent.
328 1192 391 1234 nam
407 1192 457 1235 eur
468 1174 515 1234 hic
530 1181 630 1252 posset
642 1184 744 1235 cuncta
755 1183 854 1234 notam

143 1260 266 1320 vocibus
278 1267 308 1317 et
320 1259 414 1318 varios
428 1259 538 1318 sonitus
550 1259 681 1317 emittere
694 1257 825 1334 linguae,

143 1353 275 1421 tempore
291 1341 393 1401 eodem
404 1339 451 1400 alii
466 1341 563 1401 lacere
576 1341 604 1400 id
614 1357 671 1400 non
686 1342 782 1419 quisse
795 1338 948 1419 patentur?

145 1435 296 1506 praetcrea
307 1426 397 1486 sinon
410 1423 457 1484 alii
469 1442 583 1504 quoque
595 1424 716 1484 vocibus
731 1426 774 1483 usi

63 1521 129 1576 ‚045
145 1513 219 1571 inter
234 1528 266 1570 se
279 1509 406 1585 fuerant,
418 1508 492 1568 unde
503 1510 585 1568 insita
599 1509 713 1570 notities
728 1517 772 1569 est

145 1594 273 1655 utilitatis
285 1601 315 1653 et
325 1591 399 1651 unde
415 1590 477 1651 data
487 1601 532 1653 est
544 1591 610 1650 huic
622 1594 710 1668 prima
724 1599 870 1670 potestas,

147 1676 214 1756 quid
225 1674 332 1753 vellet,
344 1675 442 1735 iacere
454 1683 484 1734 ut
495 1676 601 1736 scirent
612 1677 760 1754 animoque
772 1672 923 1736 viderent?

148 1778 256 1837 cogere
267 1761 333 1819 item
345 1757 435 1837 pluris
446 1777 517 1819 unns
531 1759 680 1835 victosque
693 1758 806 1818 domare

147 1861 204 1903 non
219 1852 348 1920 poterat,
359 1860 454 1902 rerum
468 1850 497 1901 ut
513 1840 678 1918 perdiscere
689 1843 800 1899 nomina
810 1839 927 1899 vellent.

63 1938 133 1994 [050
148 1945 204 1987 nec
217 1928 325 1986 ratione
337 1924 443 1987 docere
455 1923 513 1983 ulla
528 1922 705 2001 suadereque
720 1922 828 1998 surdis,

150 2010 217 2089 quid
229 2012 264 2071 sit
279 2026 351 2089 opus
363 2009 457 2085 iacto,
471 2006 599 2069 facilest:
611 2024 705 2085 neque
717 2007 791 2066 enim
804 2013 985 2084 paterentur,

148 2112 205 2154 nec
218 2095 327 2153 ratione
342 2091 400 2152 nlla
411 2093 465 2152 sibi
479 2092 588 2151 ferrent
602 2089 722 2170 amplius
732 2091 807 2150 auris

149 2179 231 2238 vocis
244 2177 381 2237 inauditos
394 2177 502 2236 sonitus
514 2174 671 2235 obtundere
687 2173 799 2236 frustra.
910 2250 912 2256 Ι

149 2270 294 2341 postremo
311 2258 376 2338 quid
387 2261 416 2318 in
426 2258 479 2318 hac
490 2258 617 2319 mirabile
631 2267 808 2337 tantoperest
822 2277 870 2334 re,

63 2355 133 2411 1055
150 2347 174 2406 si
188 2362 280 2422 genus
294 2343 459 2419 humanum,
472 2344 517 2400 cui
529 2359 587 2400 vox
598 2349 627 2400 et
641 2340 736 2417 lingua
747 2342 876 2417 vigeret,

151 2446 203 2508 pro
214 2427 292 2487 vario
304 2445 391 2488 sensu
400 2427 477 2486 varia
491 2444 539 2485 res
553 2441 627 2485 voce
639 2419 769 2484 notaret?

152 2530 215 2571 cum
227 2510 354 2590 pecudes
366 2519 475 2587 mutae,
493 2527 556 2569 cum
569 2507 690 2586 denique
703 2503 799 2568 saecla
810 2505 932 2565 ferarum

152 2593 295 2656 dissimilis
307 2593 417 2654 soleant
427 2610 517 2653 voces
532 2592 681 2668 variasque
693 2591 787 2667 ciere,

152 2697 216 2739 cum
229 2686 322 2738 metus
336 2686 382 2736 aut
396 2674 478 2736 dolor
492 2683 537 2735 est
553 2685 582 2736 et
593 2693 657 2735 oum
666 2676 720 2735 iam
731 2674 832 2751 gaudia
844 2671 979 2751 gliscunt.

63 2773 134 2827 1060
150 2763 256 2842 quippe
271 2762 376 2821 etenim
386 2758 455 2820 licet
467 2759 495 2818 id
505 2759 592 2820 rebus
605 2775 783 2837 cognoscere
794 2759 910 2837 apertis.

149 2848 260 2906 inritata
274 2862 374 2905 canum
385 2861 449 2903 cunr
463 2844 581 2921 primurn
592 2843 702 2902 inmane
713 2840 871 2903 Molossum

150 2929 245 2989 mollia
259 2929 330 2988 ricta
345 2927 467 2987 fremunt
481 2925 566 2985 duros
577 2925 708 2985 nudantia
722 2925 840 3001 dentes,

150 3011 237 3090 longe
250 3011 305 3072 alio
321 3012 413 3072 sonitu
425 3010 503 3069 rabie
514 3010 646 3068 restricta
656 3010 806 3084 minantur,

150 3106 180 3157 et
194 3114 257 3156 cum
271 3098 326 3156 iarn
337 3095 437 3155 latrant
452 3102 481 3153 et
496 3092 616 3151 vocibus
631 3091 722 3150 omnia
734 3085 893 3169 complenti

67 3189 134 3244 1065
151 3188 181 3241 et
194 3178 303 3240 catulos
316 3177 418 3239 blande
431 3195 495 3237 cum
506 3175 602 3251 lingua
616 3173 742 3233 lambere
756 3181 912 3251 temptant,

149 3274 197 3324 aut
210 3264 257 3322 ubi
272 3279 324 3324 eos
336 3265 439 3321 iactant
450 3259 570 3338 pedibus
582 3275 735 3334 morsuque
746 3265 879 3335 petentes

151 3348 300 3425 suspensis
313 3356 431 3405 teneros
443 3345 601 3402 minitantur
612 3341 743 3401 dentibus
754 3340 886 3417 bonatus,

149 3429 239 3508 longe
254 3430 309 3490 alio
321 3437 406 3508 pacto
418 3429 531 3504 gannitu
542 3427 623 3485 vocis
634 3423 762 3506 adulant,
