2310 3892
533 200 572 259 Vl

137 378 230 446 tecta,
246 370 318 428 viam
333 378 464 447 propter,
478 386 534 427 non
545 384 647 444 magno
659 365 788 445 pondere
800 376 873 442 tota,

67 465 125 515 550
140 471 194 511 nec
206 454 296 512 minus
312 451 455 528 exultant,
468 461 497 511 et
509 451 556 510 ubi
572 450 637 528 lapi’
651 468 772 528 cumque
784 452 837 510 viai

138 537 261 596 ferratos
275 536 416 613 utrimque
431 544 554 594 rotarum
569 536 694 594 succutit
706 534 802 594 orbes.

139 621 168 678 iit
181 636 313 697 quoque,
325 618 373 678 ubi
385 621 412 677 in
424 637 539 695 magnas
552 626 642 695 aqtiae
654 626 807 696 vastasque
823 617 939 679 lucunas

136 702 223 781 gleba
235 711 376 763 vetustate
389 711 492 762 eterra
505 701 681 781 provolvitur
692 703 811 778 ingens,

137 794 167 846 ut
179 788 300 846 iactetur
311 802 401 863 aquae
415 785 502 845 fluctu
515 804 628 863 quoque
641 795 716 845 terra
728 785 879 855 vacillans;

68 881 122 933 555
135 880 165 930 ut
176 888 226 929 vas
237 870 384 930 interdum
396 887 452 928 non
465 871 523 947 quit
536 879 685 946 constare,
701 871 755 928 nisi
767 887 848 928 umor

137 953 244 1013 destitit
256 956 284 1012 in
296 953 381 1012 dubio
394 953 479 1017 fluctu
493 955 623 1013 iactarier
634 954 719 1012 intus.

179 1037 332 1096 Praeterea
343 1046 445 1096 ventus
459 1054 521 1095 curn
533 1055 587 1116 per
600 1036 665 1096 loca
677 1036 801 1097 subcava
814 1047 907 1098 terrae

138 1120 280 1182 collectus
293 1130 373 1200 parte
385 1138 422 1180 ex
435 1138 488 1179 una
499 1121 659 1199 procumbit
671 1130 700 1179 et
715 1130 798 1197 urget

137 1205 257 1264 obnixus
269 1206 376 1281 magnis
392 1203 545 1283 speluncas
557 1205 665 1264 viribus
677 1204 747 1264 altas
759 1251 767 1282 ,

69 1299 126 1352 560
141 1289 275 1348 incumbit
287 1288 373 1348 tellus
390 1305 447 1366 quo
459 1291 537 1348 venti
549 1306 638 1367 prona
648 1291 751 1367 premit
761 1290 820 1348 vis:

138 1382 195 1432 tum
207 1391 311 1451 supera
323 1381 424 1432 terram
438 1391 509 1451 quae
522 1383 586 1433 sunt
603 1382 732 1432 extructa
745 1372 906 1452 domorum,
919 1370 922 1375 ’

136 1457 171 1516 ad
185 1456 355 1535 caelumque
368 1459 458 1534 magis
472 1467 576 1535 quanto
589 1466 652 1517 sunt
665 1456 740 1516 edita
752 1475 901 1537 quaeque,

138 1539 270 1600 inclinata
283 1541 387 1600 abeunt
398 1542 426 1599 in
439 1541 557 1600 eandem
570 1541 681 1620 prodita
692 1551 819 1619 partem,

137 1632 358 1704 protractaeque
371 1624 466 1684 trabes
480 1626 634 1702 inpendent
648 1625 690 1684 ire
703 1636 826 1704 paratae.

68 1719 124 1774 565
139 1718 168 1768 et
182 1717 309 1767 metuunt
324 1709 417 1784 magni
428 1718 552 1767 naturam
565 1708 685 1768 credere
697 1709 790 1768 mundi

137 1791 251 1852 exitiale
264 1789 377 1869 aliquod
390 1800 502 1869 tempus
515 1791 683 1869 clademque
694 1810 825 1869 manere,

138 1894 200 1935 curn
211 1875 324 1934 videant
336 1884 438 1934 tantam
449 1884 585 1933 terrarum
598 1875 762 1935 incumbere
775 1876 893 1936 molem!

138 1960 213 2039 quod
225 1960 278 2019 nisi
290 1961 433 2036 respirent
448 1961 543 2036 venti,
554 1961 598 2019 vis
610 1957 686 2018 nulla
697 1959 825 2019 refrenet

136 2063 184 2105 res
195 2062 290 2121 neque
302 2043 337 2102 ab
350 2044 436 2103 exitio
449 2045 540 2121 possit
550 2043 764 2122 reprehendere
777 2047 885 2104 euntis:

69 2137 124 2192 570
138 2147 213 2187 nunc
225 2130 289 2205 quia
300 2130 443 2205 respirant
454 2127 570 2188 alternis
583 2129 668 2206 inque
679 2139 852 2205 gravescunt

138 2222 167 2272 et
179 2213 258 2290 quasi
270 2210 386 2270 collecti
397 2210 517 2271 redeunt
529 2211 689 2289 ceduntque
702 2213 826 2290 repulsi,

138 2297 252 2373 saepius
264 2295 336 2353 hanc
349 2294 385 2353 ob
400 2312 460 2352 rem
469 2297 610 2354 minitatur
620 2304 694 2354 terra
704 2298 798 2354 'ruinas

139 2397 220 2458 quarn
233 2378 315 2439 iacit:
330 2376 480 2437 inclinatur
495 2380 568 2438 enim
580 2388 716 2456 retroque
728 2378 858 2456 recellit,

137 2473 166 2523 et
177 2464 280 2541 recipit
292 2461 426 2540 prolapsa
438 2480 503 2522 suas
518 2464 546 2521 in
558 2461 684 2540 pondera
696 2462 791 2523 sedes.

70 2557 125 2610 575
139 2547 192 2606 hac
204 2548 290 2624 igitur
300 2547 408 2605 ratione
420 2544 553 2605 vacillant
564 2548 654 2605 omnia
666 2555 743 2606 tecta

139 2648 244 2691 summa
254 2631 344 2707 magis
356 2629 473 2708 mediis,
486 2630 579 2690 media
593 2632 672 2708 imis,
685 2632 738 2690 ima
749 2630 899 2709 perhilum.

178 2713 232 2775 Est
244 2713 316 2774 haec
332 2713 461 2774 eiusdem
473 2732 587 2793 quoque
598 2716 690 2792 magni
703 2733 787 2776 eausa
798 2717 949 2791 tremoris,

136 2807 239 2858 ventus
251 2799 299 2858 ubi
310 2807 396 2876 atque
407 2800 514 2859 animae
526 2799 620 2859 subito
631 2801 675 2859 vis
687 2803 807 2860 maxima
819 2798 956 2877 quaedam

137 2892 184 2942 aut
196 2882 376 2943 extrinsecus
386 2893 433 2942 aut
445 2885 507 2960 ipsa
521 2882 623 2942 tellure
638 2893 735 2943 coorta

72 2976 125 3029 580
139 2969 166 3025 in
178 2965 243 3025 loca
255 2984 289 3024 se
302 2983 368 3024 cava
379 2968 463 3026 terrai
477 2968 615 3043 coniecit,
628 2967 725 3045 ibique

138 3048 292 3128 speluncas
306 3051 380 3108 inter
391 3067 507 3126 magnas
519 3051 612 3110 fremit
623 3058 687 3109 ante
699 3050 820 3110 tumultu

139 3132 374 3210 versabundaque
386 3141 528 3212 portatur,
541 3144 607 3214 post
618 3135 704 3194 incita
716 3152 780 3194 cum
792 3136 834 3194 vis

139 3218 279 3293 exagitata
291 3217 368 3277 forus
378 3220 533 3296 erumpitur
545 3227 574 3279 et
585 3219 667 3278 simul
681 3218 764 3279 altam

140 3300 289 3360 diffindens
301 3309 405 3359 terram
415 3318 545 3378 magnum
559 3304 707 3361 concinnat
718 3302 831 3363 hiatum.

73 3394 127 3448 585
142 3387 170 3444 in
182 3385 262 3460 Syria
272 3384 378 3444 Sidone
392 3384 467 3462 quod
478 3384 581 3446 accidit
593 3394 621 3445 et
631 3386 683 3444 luit
695 3387 770 3463 Aegi

140 3472 168 3528 in
180 3467 398 3547 Peloponneso,
413 3486 482 3547 quas
495 3470 588 3529 exitus
600 3468 646 3529 hic
657 3471 755 3529 animai
824 3548 888 3611 w

1043 3550 1088 3656 A
