2288 3886
159 205 202 273 52
651 206 679 268 11

244 387 272 437 at
285 379 354 438 varii
367 395 461 438 rorum
475 375 621 456 inpediunt
634 376 844 457 prohibentque
858 376 993 455 colores,

246 480 302 540 quo
315 464 404 521 minos
417 479 485 522 esse
496 478 552 521 uno
564 462 658 540 possit
672 479 719 521 res
731 469 791 522 tota
804 463 906 522 nitore.

287 545 357 607 Tum
369 562 455 625 porro
468 562 540 623 quae
553 545 629 606 duait
641 555 670 605 et
681 544 771 606 inlioit
781 555 812 607 ut
823 545 977 608 tribuamus

243 632 390 710 principiis
405 646 499 689 rerum
510 646 717 708 nonnumquam
731 647 816 690 eausa
828 629 962 709 colores,

181 721 233 778 790
246 713 369 792 oceidit,
382 732 420 774 ex
431 712 503 773 albis
517 715 647 792 quoniam
658 729 714 773 nou
726 712 790 773 alba
802 723 952 792 creantur,

244 817 300 858 nee
313 816 384 876 quae
396 799 477 875 nigra
488 795 584 858 oluent
596 797 632 858 de
644 799 750 875 nigris,
768 796 821 858 sed
834 799 918 858 variis
931 817 978 858 ex.

246 884 353 962 quippe
365 883 470 942 etenim
481 880 569 942 multo
581 880 737 960 proclivius
751 883 915 941 exorientur

246 965 363 1026 eandida
373 966 409 1027 de
420 963 499 1025 nullo
513 983 594 1044 quam
606 966 687 1042 nigro
698 974 761 1025 nata
777 964 893 1043 colore,

246 1059 292 1111 aut
307 1048 364 1111 alio
379 1051 498 1129 quovis,
512 1051 559 1128 qui
572 1057 671 1110 eontra
682 1058 791 1128 pugnet
802 1059 832 1109 et
844 1049 949 1111 obstet.

181 1142 232 1197 795
287 1133 439 1195 Praeterea
450 1137 579 1212 quoniam
591 1144 735 1212 nequeunt
749 1135 811 1194 sine
825 1133 892 1194 iuoe
904 1132 1023 1197 ooiores

245 1237 331 1296 esse,
343 1237 437 1297 neque
450 1219 478 1276 iu
489 1215 583 1278 lucem
598 1220 723 1278 existunt
733 1217 885 1296 primordia
899 1236 1012 1297 rarum,

245 1304 322 1365 seire
336 1301 406 1362 lieet
419 1319 501 1379 quam
512 1303 568 1361 sint
579 1300 658 1362 nullo
673 1301 767 1362 velata
782 1301 896 1362 colore:

247 1385 338 1464 qualis
350 1387 423 1446 enim
438 1387 533 1445 caeeis
545 1387 651 1464 poterit
665 1386 746 1446 oolor
758 1405 824 1447 esse
839 1382 988 1447 tenebris?

246 1469 350 1530 lumine
365 1471 432 1548 quin
444 1470 508 1548 ipso
522 1479 643 1529 mutatur
654 1479 808 1549 propterea
821 1470 897 1549 quod

185 1563 237 1616 000
247 1564 328 1614 reeta
339 1564 386 1613 aut
398 1552 513 1631 obliqua
527 1571 684 1632 percussus
699 1553 766 1615 luce
779 1553 912 1632 refulgit;

246 1637 341 1717 pluma
353 1636 544 1699 columbarum
558 1656 614 1717 quo
625 1648 711 1717 paeto
725 1640 752 1698 in
767 1638 830 1700 sole
845 1639 973 1716 videtur,

247 1740 320 1800 quae
334 1723 388 1783 sita
403 1722 534 1782 cervices
548 1724 654 1782 circum
666 1722 829 1801 collumque
842 1733 974 1783 eoronat:

245 1825 366 1886 namque
377 1805 446 1867 alias
459 1805 490 1865 iit
500 1807 541 1866 uti
554 1805 631 1867 olaro
644 1808 681 1868 sit
691 1808 776 1867 rubra
787 1824 915 1887 pyropo,

247 1891 386 1951 interdum
398 1890 518 1969 quodam
530 1909 617 1951 sensu
629 1893 660 1952 iit
673 1895 712 1950 uti
722 1890 851 1950 videatur

183 1984 234 2038 805
248 1978 321 2036 inter
334 1975 468 2036 ouraliurn
478 1974 575 2034 viridis
588 1977 709 2036 miseere
722 1973 895 2052 zmaragdos.

249 2059 394 2137 caudaque
409 2061 544 2137 pavonis,
557 2058 637 2135 larga
650 2077 712 2119 oum
726 2058 791 2118 luoe
804 2058 915 2137 repleta
927 2067 989 2136 est,

249 2142 389 2205 oonsimiii
403 2151 489 2203 mutat
502 2144 611 2202 ratione
627 2142 749 2203 obversa
759 2142 888 2209 colorem

248 2229 296 2306 qui
311 2229 440 2306 quoniam
455 2225 576 2305 quodam
586 2227 739 2304 gignuntur
753 2227 864 2286 luminis
875 2228 950 2303 ictu,

247 2311 421 2390 sabelium,
437 2313 498 2372 sine
512 2329 548 2372 eo
562 2313 622 2372 fieri
634 2329 690 2371 nou
701 2329 790 2390 posse
801 2308 952 2390 putandum
967 2319 1022 2370 est.

184 2406 236 2460 810
250 2406 279 2458 et
291 2399 420 2477 quoniam
435 2396 537 2475 plagae
550 2395 689 2475 quoddam
700 2415 790 2474 genus
803 2396 910 2472 exeipit
922 2395 950 2452 in
962 2414 995 2454 se

248 2481 371 2560 pupula,
384 2499 448 2541 eum
460 2482 566 2541 sentire
580 2479 707 2540 colorem
719 2480 820 2540 dieitur
831 2477 941 2555 album,

248 2575 333 2646 atque
344 2565 419 2625 aliud
431 2583 535 2643 porro,
549 2565 659 2640 nigrum
671 2582 734 2624 oum
749 2574 779 2624 et
791 2573 888 2623 cetera
902 2564 1007 2640 sentit,

248 2669 304 2709 nee
314 2649 405 2708 refert
417 2667 451 2708 ea
463 2666 534 2726 quae
546 2656 645 2724 tangas
662 2665 718 2726 quo
733 2647 807 2707 iorte
820 2646 920 2706 colore

248 2733 376 2812 praedita
386 2734 458 2808 sint,
476 2750 575 2791 verum
591 2731 666 2810 quali
680 2734 770 2810 magis
784 2741 849 2810 apta
859 2731 966 2808 figura,

182 2826 234 2881 815
249 2819 325 2878 seire
337 2816 406 2877 lieet
418 2816 456 2876 nil
469 2817 616 2896 principiis
629 2835 702 2896 opus
717 2835 785 2878 esse
801 2814 933 2892 colores,

249 2900 302 2963 sed
311 2902 395 2962 variis
410 2900 508 2962 iormis
520 2902 660 2968 variames
673 2900 760 2961 edere
772 2909 873 2961 tactus.

292 2985 444 3046 Praeterea
456 2987 586 3065 quoniam
597 3003 654 3044 non
666 2986 753 3046 eertis
766 2993 844 3046 certa
856 2984 953 3061 figuris

250 3080 295 3131 est
307 3080 404 3131 natura
416 3069 522 3131 eoloris
537 3079 566 3130 et
578 3071 669 3130 omnia
682 3070 884 3148 principiorum

250 3155 433 3216 formamenta
445 3163 551 3234 queunt
563 3156 591 3213 in
607 3155 708 3233 quovis
720 3170 788 3214 esse
801 3155 909 3229 nitore,

184 3247 237 3301 820
250 3258 300 3299 cur
312 3258 346 3300 ea
358 3257 430 3318 quae
443 3247 574 3300 eonstant
586 3257 624 3298 ex
637 3237 693 3298 illis
707 3253 764 3297 non
774 3239 881 3316 pariter
893 3245 958 3297 sunt

250 3342 333 3383 omne
343 3342 435 3401 genus
447 3323 565 3403 perfusa
577 3321 722 3384 coloribus
734 3322 762 3380 iu
777 3339 886 3399 genere
899 3315 995 3380 omni?

249 3409 439 3469 conveniebat
452 3409 526 3468 enim
539 3424 643 3468 eorvos
655 3423 769 3486 quoque
781 3422 869 3483 saepe
881 3403 1005 3465 volantis

249 3509 285 3552 an
297 3489 369 3554 albis
380 3489 474 3552 album
484 3492 576 3571 pinnis
587 3491 692 3550 iactare
706 3489 850 3568 colorem,
