<?xml version="1.0" encoding="UTF-8"?>
<!DOCTYPE html PUBLIC "-//W3C//DTD XHTML 1.0 Transitional//EN"
    "http://www.w3.org/TR/xhtml1/DTD/xhtml1-transitional.dtd">
<html xmlns="http://www.w3.org/1999/xhtml" xml:lang="en" lang="en">
 <head>
  <title>
</title>
<meta http-equiv="Content-Type" content="text/html;charset=utf-8" />
  <meta name='ocr-system' content='tesseract 3.04.00' />
  <meta name='ocr-capabilities' content='ocr_page ocr_carea ocr_par ocr_line ocrx_word'/>
</head>
<body>
  <div class='ocr_page' id='page_1' title='image "./tlucreticarider07carugoog_0088.png"; bbox 0 0 2288 3886; ppageno 0'>
   <div class='ocr_carea' id='block_1_1' title="bbox 124 191 645 260">
    <p class='ocr_par' dir='ltr' id='par_1_1' title="bbox 124 191 645 260">
     <span class='ocr_line' id='line_1_1' title="bbox 124 191 645 260; baseline 0.004 -2"><span class='ocrx_word' id='word_1_1' title='bbox 124 191 166 258; x_wconf 81' lang='grc'><strong>68</strong></span> <span class='ocrx_word' id='word_1_2' title='bbox 603 196 645 260; x_wconf 89' lang='lat' dir='ltr'><strong>Ill</strong></span> 
     </span>
    </p>
   </div>
   <div class='ocr_carea' id='block_1_2' title="bbox 144 364 1033 1624">
    <p class='ocr_par' dir='ltr' id='par_1_2' title="bbox 208 364 929 615">
     <span class='ocr_line' id='line_1_2' title="bbox 209 364 798 446; baseline -0.002 -19"><span class='ocrx_word' id='word_1_3' title='bbox 209 367 285 429; x_wconf 92' lang='lat' dir='ltr'><strong>utilis</strong></span> <span class='ocrx_word' id='word_1_4' title='bbox 297 368 457 428; x_wconf 83' lang='lat' dir='ltr'><strong>invenietur</strong></span> <span class='ocrx_word' id='word_1_5' title='bbox 468 375 497 426; x_wconf 91' lang='lat' dir='ltr'><strong>et</strong></span> <span class='ocrx_word' id='word_1_6' title='bbox 511 376 671 446; x_wconf 89' lang='lat' dir='ltr'><strong>opportuna</strong></span> <span class='ocrx_word' id='word_1_7' title='bbox 683 364 798 428; x_wconf 90' lang='lat' dir='ltr'><strong>cluebit.</strong></span> 
     </span>
     <span class='ocr_line' id='line_1_3' title="bbox 208 450 922 531; baseline 0.001 -20"><span class='ocrx_word' id='word_1_8' title='bbox 208 452 281 512; x_wconf 89' lang='lat' dir='ltr'><strong>haec</strong></span> <span class='ocrx_word' id='word_1_9' title='bbox 297 469 412 529; x_wconf 87' lang='lat' dir='ltr'><strong>quoque</strong></span> <span class='ocrx_word' id='word_1_10' title='bbox 427 470 475 512; x_wconf 91' lang='lat' dir='ltr'><strong>res</strong></span> <span class='ocrx_word' id='word_1_11' title='bbox 486 452 570 511; x_wconf 91' lang='lat' dir='ltr'><strong>etiam</strong></span> <span class='ocrx_word' id='word_1_12' title='bbox 581 460 707 511; x_wconf 89' lang='lat' dir='ltr'><strong>naturam</strong></span> <span class='ocrx_word' id='word_1_13' title='bbox 717 450 831 512; x_wconf 76' lang='lat' dir='ltr'>dedicat</span> <span class='ocrx_word' id='word_1_14' title='bbox 842 452 922 531; x_wconf 85' lang='lat' dir='ltr'><strong>eius,</strong></span> 
     </span>
     <span class='ocr_line' id='line_1_4' title="bbox 211 535 929 615; baseline 0.006 -20"><span class='ocrx_word' id='word_1_15' title='bbox 211 554 292 614; x_wconf 91' lang='lat' dir='ltr'><strong>quam</strong></span> <span class='ocrx_word' id='word_1_16' title='bbox 304 538 382 596; x_wconf 90' lang='lat' dir='ltr'><strong>tenui</strong></span> <span class='ocrx_word' id='word_1_17' title='bbox 395 546 508 596; x_wconf 91' lang='lat' dir='ltr'><strong>constet</strong></span> <span class='ocrx_word' id='word_1_18' title='bbox 519 543 649 613; x_wconf 82' lang='lat' dir='ltr'><strong>textura,</strong></span> <span class='ocrx_word' id='word_1_19' title='bbox 663 553 803 615; x_wconf 88' lang='lat' dir='ltr'><strong>quamque</strong></span> <span class='ocrx_word' id='word_1_20' title='bbox 816 535 883 598; x_wconf 91' lang='lat' dir='ltr'><strong>loco</strong></span> <span class='ocrx_word' id='word_1_21' title='bbox 895 559 929 599; x_wconf 91' lang='lat' dir='ltr'><strong>se</strong></span> 
     </span>
    </p>

    <p class='ocr_par' dir='ltr' id='par_1_3' title="bbox 144 618 1033 1040">
     <span class='ocr_line' id='line_1_5' title="bbox 144 618 854 700; baseline -0.003 -18"><span class='ocrx_word' id='word_1_22' title='bbox 144 630 198 682; x_wconf 78' lang='lat'><strong>210</strong></span> <span class='ocrx_word' id='word_1_23' title='bbox 209 623 352 680; x_wconf 89' lang='lat' dir='ltr'><strong>contineat</strong></span> <span class='ocrx_word' id='word_1_24' title='bbox 364 637 469 698; x_wconf 86' lang='lat' dir='ltr'><strong>parvo,</strong></span> <span class='ocrx_word' id='word_1_25' title='bbox 482 622 507 680; x_wconf 93' lang='lat' dir='ltr'><strong>si</strong></span> <span class='ocrx_word' id='word_1_26' title='bbox 520 621 613 699; x_wconf 81' lang='lat' dir='ltr'><strong>possit</strong></span> <span class='ocrx_word' id='word_1_27' title='bbox 627 618 854 700; x_wconf 79' lang='lat' dir='ltr'><strong>conglomerati,</strong></span> 
     </span>
     <span class='ocr_line' id='line_1_6' title="bbox 210 702 966 783; baseline 0.008 -19"><span class='ocrx_word' id='word_1_28' title='bbox 210 704 286 783; x_wconf 90' lang='lat' dir='ltr'><strong>quod</strong></span> <span class='ocrx_word' id='word_1_29' title='bbox 297 703 379 764; x_wconf 91' lang='lat' dir='ltr'><strong>simul</strong></span> <span class='ocrx_word' id='word_1_30' title='bbox 391 714 476 783; x_wconf 84' lang='lat' dir='ltr'><strong>etque</strong></span> <span class='ocrx_word' id='word_1_31' title='bbox 491 703 633 763; x_wconf 87' lang='lat' dir='ltr'><strong>hominem</strong></span> <span class='ocrx_word' id='word_1_32' title='bbox 643 702 693 762; x_wconf 88' lang='lat' dir='ltr'><strong>leti</strong></span> <span class='ocrx_word' id='word_1_33' title='bbox 705 722 809 765; x_wconf 89' lang='lat' dir='ltr'><strong>secura</strong></span> <span class='ocrx_word' id='word_1_34' title='bbox 824 709 906 783; x_wconf 90' lang='lat' dir='ltr'><strong>quies</strong></span> <span class='ocrx_word' id='word_1_35' title='bbox 919 717 966 770; x_wconf 88' lang='lat' dir='ltr'><strong>est</strong></span> 
     </span>
     <span class='ocr_line' id='line_1_7' title="bbox 209 788 954 872; baseline 0.007 -24"><span class='ocrx_word' id='word_1_36' title='bbox 209 788 325 867; x_wconf 85' lang='lat' dir='ltr'><strong>indepta</strong></span> <span class='ocrx_word' id='word_1_37' title='bbox 335 799 421 866; x_wconf 92' lang='lat' dir='ltr'><strong>atque</strong></span> <span class='ocrx_word' id='word_1_38' title='bbox 433 790 515 850; x_wconf 92' lang='lat' dir='ltr'><strong>animi</strong></span> <span class='ocrx_word' id='word_1_39' title='bbox 527 797 624 848; x_wconf 88' lang='lat' dir='ltr'><strong>natura</strong></span> <span class='ocrx_word' id='word_1_40' title='bbox 634 789 801 865; x_wconf 80' lang='lat' dir='ltr'><strong>animaeque</strong></span> <span class='ocrx_word' id='word_1_41' title='bbox 812 793 954 872; x_wconf 80' lang='lat' dir='ltr'><strong>recessit,</strong></span> 
     </span>
     <span class='ocr_line' id='line_1_8' title="bbox 209 871 1033 951; baseline 0.002 -19"><span class='ocrx_word' id='word_1_42' title='bbox 209 871 248 932; x_wconf 89' lang='lat' dir='ltr'><strong>nil</strong></span> <span class='ocrx_word' id='word_1_43' title='bbox 261 873 300 931; x_wconf 89' lang='lat' dir='ltr'><strong>ihi</strong></span> <span class='ocrx_word' id='word_1_44' title='bbox 313 871 429 932; x_wconf 86' lang='lat' dir='ltr'><strong>libatum</strong></span> <span class='ocrx_word' id='word_1_45' title='bbox 442 872 479 932; x_wconf 81' lang='lat' dir='ltr'><strong>‹le</strong></span> <span class='ocrx_word' id='word_1_46' title='bbox 491 880 552 932; x_wconf 88' lang='lat' dir='ltr'><strong>toto</strong></span> <span class='ocrx_word' id='word_1_47' title='bbox 565 889 689 950; x_wconf 88' lang='lat' dir='ltr'><strong>corpore</strong></span> <span class='ocrx_word' id='word_1_48' title='bbox 702 890 803 933; x_wconf 88' lang='lat' dir='ltr'><strong>cernas</strong></span> <span class='ocrx_word' id='word_1_49' title='bbox 1028 940 1033 951; x_wconf 58' lang='grc'><strong>,</strong></span> 
     </span>
     <span class='ocr_line' id='line_1_9' title="bbox 208 955 990 1040; baseline 0.005 -23"><span class='ocrx_word' id='word_1_50' title='bbox 208 956 244 1017; x_wconf 87' lang='lat' dir='ltr'><strong>ad</strong></span> <span class='ocrx_word' id='word_1_51' title='bbox 255 958 401 1035; x_wconf 82' lang='lat' dir='ltr'><strong>speciem,</strong></span> <span class='ocrx_word' id='word_1_52' title='bbox 414 955 453 1016; x_wconf 89' lang='lat' dir='ltr'><strong>nil</strong></span> <span class='ocrx_word' id='word_1_53' title='bbox 464 956 499 1016; x_wconf 87' lang='lat' dir='ltr'><strong>ad</strong></span> <span class='ocrx_word' id='word_1_54' title='bbox 511 956 639 1035; x_wconf 93' lang='lat' dir='ltr'><strong>pondus:</strong></span> <span class='ocrx_word' id='word_1_55' title='bbox 651 973 726 1015; x_wconf 90' lang='lat' dir='ltr'><strong>mors</strong></span> <span class='ocrx_word' id='word_1_56' title='bbox 742 959 834 1017; x_wconf 88' lang='lat' dir='ltr'><strong>omnia</strong></span> <span class='ocrx_word' id='word_1_57' title='bbox 846 967 990 1040; x_wconf 80' lang='lat' dir='ltr'><strong>praestat,</strong></span> 
     </span>
    </p>

    <p class='ocr_par' dir='ltr' id='par_1_4' title="bbox 144 1038 954 1439">
     <span class='ocr_line' id='line_1_10' title="bbox 144 1038 923 1120; baseline 0 -19"><span class='ocrx_word' id='word_1_58' title='bbox 144 1049 195 1102; x_wconf 72' lang='lat'><strong>215</strong></span> <span class='ocrx_word' id='word_1_59' title='bbox 206 1039 322 1101; x_wconf 87' lang='lat' dir='ltr'><strong>vitalem</strong></span> <span class='ocrx_word' id='word_1_60' title='bbox 333 1051 449 1120; x_wconf 88' lang='lat' dir='ltr'><strong>praeter</strong></span> <span class='ocrx_word' id='word_1_61' title='bbox 460 1058 576 1101; x_wconf 91' lang='lat' dir='ltr'><strong>sensum</strong></span> <span class='ocrx_word' id='word_1_62' title='bbox 588 1038 766 1117; x_wconf 89' lang='lat' dir='ltr'><strong>calidumque</strong></span> <span class='ocrx_word' id='word_1_63' title='bbox 779 1059 923 1120; x_wconf 83' lang='lat' dir='ltr'><strong>vaporem.</strong></span> 
     </span>
     <span class='ocr_line' id='line_1_11' title="bbox 209 1125 918 1204; baseline 0.001 -19"><span class='ocrx_word' id='word_1_64' title='bbox 209 1143 281 1203; x_wconf 81' lang='lat' dir='ltr'><strong>ergo</strong></span> <span class='ocrx_word' id='word_1_65' title='bbox 296 1127 413 1186; x_wconf 87' lang='lat' dir='ltr'><strong>animam</strong></span> <span class='ocrx_word' id='word_1_66' title='bbox 424 1135 511 1185; x_wconf 91' lang='lat' dir='ltr'><strong>totam</strong></span> <span class='ocrx_word' id='word_1_67' title='bbox 522 1125 672 1204; x_wconf 83' lang='lat' dir='ltr'><strong>perparvis</strong></span> <span class='ocrx_word' id='word_1_68' title='bbox 685 1142 753 1184; x_wconf 90' lang='lat' dir='ltr'><strong>esse</strong></span> <span class='ocrx_word' id='word_1_69' title='bbox 765 1136 918 1186; x_wconf 78' lang='lat' dir='ltr'><strong>necessest</strong></span> 
     </span>
     <span class='ocr_line' id='line_1_12' title="bbox 208 1209 912 1288; baseline 0 -18"><span class='ocrx_word' id='word_1_70' title='bbox 208 1210 380 1286; x_wconf 80' lang='lat' dir='ltr'><strong>seminibus,</strong></span> <span class='ocrx_word' id='word_1_71' title='bbox 392 1226 494 1270; x_wconf 81' lang='lat' dir='ltr'><strong>nexam</strong></span> <span class='ocrx_word' id='word_1_72' title='bbox 505 1227 558 1288; x_wconf 92' lang='lat' dir='ltr'><strong>per</strong></span> <span class='ocrx_word' id='word_1_73' title='bbox 568 1226 656 1269; x_wconf 88' lang='lat' dir='ltr'><strong>venas</strong></span> <span class='ocrx_word' id='word_1_74' title='bbox 667 1209 782 1268; x_wconf 85' lang='lat' dir='ltr'><strong>viscera</strong></span> <span class='ocrx_word' id='word_1_75' title='bbox 791 1227 912 1280; x_wconf 92' lang='lat' dir='ltr'><strong>nervos;</strong></span> 
     </span>
     <span class='ocr_line' id='line_1_13' title="bbox 209 1294 954 1373; baseline 0.003 -21"><span class='ocrx_word' id='word_1_76' title='bbox 209 1303 364 1371; x_wconf 86' lang='lat' dir='ltr'><strong>quatenus,</strong></span> <span class='ocrx_word' id='word_1_77' title='bbox 378 1295 467 1353; x_wconf 91' lang='lat' dir='ltr'><strong>omnis</strong></span> <span class='ocrx_word' id='word_1_78' title='bbox 479 1294 527 1352; x_wconf 90' lang='lat' dir='ltr'><strong>ubi</strong></span> <span class='ocrx_word' id='word_1_79' title='bbox 539 1313 556 1353; x_wconf 92' lang='lat' dir='ltr'><strong>e</strong></span> <span class='ocrx_word' id='word_1_80' title='bbox 567 1302 629 1353; x_wconf 91' lang='lat' dir='ltr'><strong>toto</strong></span> <span class='ocrx_word' id='word_1_81' title='bbox 641 1295 694 1353; x_wconf 91' lang='lat' dir='ltr'><strong>iam</strong></span> <span class='ocrx_word' id='word_1_82' title='bbox 710 1310 833 1372; x_wconf 90' lang='lat' dir='ltr'><strong>corpore</strong></span> <span class='ocrx_word' id='word_1_83' title='bbox 846 1296 954 1373; x_wconf 85' lang='lat' dir='ltr'><strong>cessit,</strong></span> 
     </span>
     <span class='ocr_line' id='line_1_14' title="bbox 208 1377 913 1439; baseline 0.003 -2"><span class='ocrx_word' id='word_1_84' title='bbox 208 1379 312 1438; x_wconf 81' lang='lat' dir='ltr'><strong>extima</strong></span> <span class='ocrx_word' id='word_1_85' title='bbox 323 1377 512 1437; x_wconf 87' lang='lat' dir='ltr'><strong>membrorum</strong></span> <span class='ocrx_word' id='word_1_86' title='bbox 525 1379 631 1437; x_wconf 90' lang='lat' dir='ltr'><strong>circum</strong></span> <span class='ocrx_word' id='word_1_87' title='bbox 643 1394 763 1437; x_wconf 86' lang='lat' dir='ltr'><strong>caesura</strong></span> <span class='ocrx_word' id='word_1_88' title='bbox 774 1387 868 1438; x_wconf 91' lang='lat' dir='ltr'><strong>tamen</strong></span> <span class='ocrx_word' id='word_1_89' title='bbox 879 1397 913 1439; x_wconf 92' lang='lat' dir='ltr'><strong>se</strong></span> 
     </span>
    </p>

    <p class='ocr_par' dir='ltr' id='par_1_5' title="bbox 144 1459 1003 1624">
     <span class='ocr_line' id='line_1_15' title="bbox 144 1459 919 1540; baseline -0.004 -17"><span class='ocrx_word' id='word_1_90' title='bbox 144 1470 197 1523; x_wconf 78' lang='lat' dir='ltr'><strong>tto</strong></span> <span class='ocrx_word' id='word_1_91' title='bbox 208 1459 380 1521; x_wconf 91' lang='lat' dir='ltr'><strong>incolumem</strong></span> <span class='ocrx_word' id='word_1_92' title='bbox 392 1470 519 1540; x_wconf 86' lang='lat' dir='ltr'><strong>praestat</strong></span> <span class='ocrx_word' id='word_1_93' title='bbox 530 1479 586 1520; x_wconf 90' lang='lat' dir='ltr'><strong>nec</strong></span> <span class='ocrx_word' id='word_1_94' title='bbox 598 1460 666 1521; x_wconf 87' lang='lat' dir='ltr'><strong>defit</strong></span> <span class='ocrx_word' id='word_1_95' title='bbox 677 1460 812 1538; x_wconf 87' lang='lat' dir='ltr'><strong>ponderis</strong></span> <span class='ocrx_word' id='word_1_96' title='bbox 824 1461 919 1521; x_wconf 89' lang='lat' dir='ltr'><strong>hilum.</strong></span> 
     </span>
     <span class='ocr_line' id='line_1_16' title="bbox 207 1543 1003 1624; baseline 0.005 -20"><span class='ocrx_word' id='word_1_97' title='bbox 207 1545 283 1622; x_wconf 88' lang='lat' dir='ltr'><strong>quod</strong></span> <span class='ocrx_word' id='word_1_98' title='bbox 297 1563 389 1622; x_wconf 78' lang='lat' dir='ltr'><strong>genus</strong></span> <span class='ocrx_word' id='word_1_99' title='bbox 402 1555 465 1621; x_wconf 85' lang='lat' dir='ltr'><strong>est,</strong></span> <span class='ocrx_word' id='word_1_100' title='bbox 476 1545 582 1606; x_wconf 89' lang='lat' dir='ltr'><strong>Bacchi</strong></span> <span class='ocrx_word' id='word_1_101' title='bbox 594 1563 658 1605; x_wconf 90' lang='lat' dir='ltr'><strong>cum</strong></span> <span class='ocrx_word' id='word_1_102' title='bbox 669 1543 723 1605; x_wconf 83' lang='lat' dir='ltr'><strong>flos</strong></span> <span class='ocrx_word' id='word_1_103' title='bbox 737 1548 866 1624; x_wconf 86' lang='lat' dir='ltr'><strong>evanuit,</strong></span> <span class='ocrx_word' id='word_1_104' title='bbox 879 1555 925 1606; x_wconf 93' lang='lat' dir='ltr'><strong>aut</strong></span> <span class='ocrx_word' id='word_1_105' title='bbox 938 1565 1003 1608; x_wconf 92' lang='lat' dir='ltr'><strong>cum</strong></span> 
     </span>
    </p>
   </div>
   <div class='ocr_carea' id='block_1_3' title="bbox 142 1628 1009 1964">
    <p class='ocr_par' dir='ltr' id='par_1_6' title="bbox 142 1628 1009 1964">
     <span class='ocr_line' id='line_1_17' title="bbox 207 1628 853 1709; baseline 0.002 -19"><span class='ocrx_word' id='word_1_106' title='bbox 207 1630 324 1708; x_wconf 86' lang='lat' dir='ltr'><strong>spiritus</strong></span> <span class='ocrx_word' id='word_1_107' title='bbox 337 1631 474 1709; x_wconf 77' lang='lat' dir='ltr'><strong>unguenti</strong></span> <span class='ocrx_word' id='word_1_108' title='bbox 486 1631 581 1690; x_wconf 87' lang='lat' dir='ltr'><strong>suavis</strong></span> <span class='ocrx_word' id='word_1_109' title='bbox 594 1628 853 1708; x_wconf 65' lang='lat' dir='ltr'><strong>mauguinum,</strong></span> 
     </span>
     <span class='ocr_line' id='line_1_18' title="bbox 145 1713 900 1793; baseline 0.003 -20"><span class='ocrx_word' id='word_1_110' title='bbox 145 1781 148 1787; x_wconf 21' lang='lat'><strong>⁶</strong></span> <span class='ocrx_word' id='word_1_111' title='bbox 206 1723 253 1774; x_wconf 91' lang='lat' dir='ltr'><strong>aut</strong></span> <span class='ocrx_word' id='word_1_112' title='bbox 264 1714 359 1793; x_wconf 89' lang='lat' dir='ltr'><strong>aliquo</strong></span> <span class='ocrx_word' id='word_1_113' title='bbox 372 1732 435 1774; x_wconf 92' lang='lat' dir='ltr'><strong>cum</strong></span> <span class='ocrx_word' id='word_1_114' title='bbox 445 1715 499 1774; x_wconf 91' lang='lat' dir='ltr'><strong>iam</strong></span> <span class='ocrx_word' id='word_1_115' title='bbox 510 1731 597 1775; x_wconf 89' lang='lat' dir='ltr'><strong>sucus</strong></span> <span class='ocrx_word' id='word_1_116' title='bbox 612 1713 783 1792; x_wconf 88' lang='lat' dir='ltr'><strong>decerpere</strong></span> <span class='ocrx_word' id='word_1_117' title='bbox 798 1717 900 1776; x_wconf 85' lang='lat' dir='ltr'><strong>cessit:</strong></span> 
     </span>
     <span class='ocr_line' id='line_1_19' title="bbox 207 1797 897 1879; baseline 0.001 -21"><span class='ocrx_word' id='word_1_118' title='bbox 207 1797 245 1858; x_wconf 93' lang='lat' dir='ltr'><strong>nil</strong></span> <span class='ocrx_word' id='word_1_119' title='bbox 258 1797 350 1860; x_wconf 91' lang='lat' dir='ltr'><strong>oculis</strong></span> <span class='ocrx_word' id='word_1_120' title='bbox 362 1807 455 1859; x_wconf 89' lang='lat' dir='ltr'><strong>tamen</strong></span> <span class='ocrx_word' id='word_1_121' title='bbox 469 1817 538 1859; x_wconf 88' lang='lat' dir='ltr'><strong>esse</strong></span> <span class='ocrx_word' id='word_1_122' title='bbox 550 1800 640 1858; x_wconf 88' lang='lat' dir='ltr'><strong>minor</strong></span> <span class='ocrx_word' id='word_1_123' title='bbox 650 1817 699 1859; x_wconf 89' lang='lat' dir='ltr'><strong>res</strong></span> <span class='ocrx_word' id='word_1_124' title='bbox 710 1800 772 1879; x_wconf 87' lang='lat' dir='ltr'><strong>ipsa</strong></span> <span class='ocrx_word' id='word_1_125' title='bbox 784 1799 897 1860; x_wconf 83' lang='lat' dir='ltr'><strong>videtur</strong></span> 
     </span>
     <span class='ocr_line' id='line_1_20' title="bbox 142 1882 1009 1964; baseline 0 -20"><span class='ocrx_word' id='word_1_126' title='bbox 142 1893 193 1945; x_wconf 76' lang='lat'><strong>225</strong></span> <span class='ocrx_word' id='word_1_127' title='bbox 205 1892 360 1963; x_wconf 90' lang='lat' dir='ltr'><strong>propterea</strong></span> <span class='ocrx_word' id='word_1_128' title='bbox 369 1901 464 1963; x_wconf 85' lang='lat' dir='ltr'><strong>neque</strong></span> <span class='ocrx_word' id='word_1_129' title='bbox 479 1885 636 1944; x_wconf 86' lang='lat' dir='ltr'><strong>detractum</strong></span> <span class='ocrx_word' id='word_1_130' title='bbox 649 1882 684 1943; x_wconf 91' lang='lat' dir='ltr'><strong>de</strong></span> <span class='ocrx_word' id='word_1_131' title='bbox 699 1883 828 1962; x_wconf 88' lang='lat' dir='ltr'><strong>pondere</strong></span> <span class='ocrx_word' id='word_1_132' title='bbox 841 1885 1009 1964; x_wconf 85' lang='lat' dir='ltr'><strong>quicquam,</strong></span> 
     </span>
    </p>
   </div>
   <div class='ocr_carea' id='block_1_4' title="bbox 52 1966 1048 3561">
    <p class='ocr_par' dir='ltr' id='par_1_7' title="bbox 52 1966 1048 3561">
     <span class='ocr_line' id='line_1_21' title="bbox 205 1966 915 2045; baseline 0.001 -17"><span class='ocrx_word' id='word_1_133' title='bbox 205 1970 348 2045; x_wconf 86' lang='lat' dir='ltr'><strong>nimirum,</strong></span> <span class='ocrx_word' id='word_1_134' title='bbox 362 1969 426 2045; x_wconf 89' lang='lat' dir='ltr'><strong>quia</strong></span> <span class='ocrx_word' id='word_1_135' title='bbox 440 1966 526 2027; x_wconf 90' lang='lat' dir='ltr'><strong>multa</strong></span> <span class='ocrx_word' id='word_1_136' title='bbox 537 1969 698 2044; x_wconf 85' lang='lat' dir='ltr'><strong>minutaque</strong></span> <span class='ocrx_word' id='word_1_137' title='bbox 710 1969 817 2027; x_wconf 90' lang='lat' dir='ltr'><strong>semina</strong></span> <span class='ocrx_word' id='word_1_138' title='bbox 829 1986 915 2029; x_wconf 94' lang='lat' dir='ltr'><strong>sucos</strong></span> 
     </span>
     <span class='ocr_line' id='line_1_22' title="bbox 206 2051 818 2133; baseline -0.005 -21"><span class='ocrx_word' id='word_1_139' title='bbox 206 2051 333 2112; x_wconf 83' lang='lat' dir='ltr'><strong>efficiunt</strong></span> <span class='ocrx_word' id='word_1_140' title='bbox 344 2060 373 2112; x_wconf 90' lang='lat' dir='ltr'><strong>et</strong></span> <span class='ocrx_word' id='word_1_141' title='bbox 385 2052 503 2133; x_wconf 79' lang='lat' dir='ltr'><strong>olorem</strong></span> <span class='ocrx_word' id='word_1_142' title='bbox 516 2053 546 2110; x_wconf 92' lang='lat' dir='ltr'><strong>in</strong></span> <span class='ocrx_word' id='word_1_143' title='bbox 557 2061 619 2110; x_wconf 89' lang='lat' dir='ltr'><strong>toto</strong></span> <span class='ocrx_word' id='word_1_144' title='bbox 633 2068 755 2129; x_wconf 89' lang='lat' dir='ltr'><strong>corpore</strong></span> <span class='ocrx_word' id='word_1_145' title='bbox 767 2053 818 2111; x_wconf 90' lang='lat' dir='ltr'><strong>rei.</strong></span> 
     </span>
     <span class='ocr_line' id='line_1_23' title="bbox 206 2135 1013 2215; baseline 0.007 -23"><span class='ocrx_word' id='word_1_146' title='bbox 206 2152 293 2212; x_wconf 87' lang='lat' dir='ltr'><strong>quare</strong></span> <span class='ocrx_word' id='word_1_147' title='bbox 306 2135 389 2195; x_wconf 87' lang='lat' dir='ltr'><strong>etiam</strong></span> <span class='ocrx_word' id='word_1_148' title='bbox 404 2145 489 2212; x_wconf 87' lang='lat' dir='ltr'><strong>atque</strong></span> <span class='ocrx_word' id='word_1_149' title='bbox 501 2137 586 2195; x_wconf 89' lang='lat' dir='ltr'><strong>etiam</strong></span> <span class='ocrx_word' id='word_1_150' title='bbox 596 2136 699 2194; x_wconf 88' lang='lat' dir='ltr'><strong>mentis</strong></span> <span class='ocrx_word' id='word_1_151' title='bbox 711 2144 837 2195; x_wconf 90' lang='lat' dir='ltr'><strong>naturam</strong></span> <span class='ocrx_word' id='word_1_152' title='bbox 847 2140 1013 2215; x_wconf 87' lang='lat' dir='ltr'><strong>animaeque</strong></span> 
     </span>
     <span class='ocr_line' id='line_1_24' title="bbox 206 2216 875 2298; baseline -0.001 -19"><span class='ocrx_word' id='word_1_153' title='bbox 206 2219 281 2279; x_wconf 90' lang='lat' dir='ltr'><strong>scire</strong></span> <span class='ocrx_word' id='word_1_154' title='bbox 294 2216 363 2277; x_wconf 89' lang='lat' dir='ltr'><strong>licet</strong></span> <span class='ocrx_word' id='word_1_155' title='bbox 374 2236 511 2297; x_wconf 86' lang='lat' dir='ltr'><strong>perquam</strong></span> <span class='ocrx_word' id='word_1_156' title='bbox 523 2217 656 2298; x_wconf 83' lang='lat' dir='ltr'><strong>pauxillis</strong></span> <span class='ocrx_word' id='word_1_157' title='bbox 671 2237 739 2279; x_wconf 90' lang='lat' dir='ltr'><strong>esse</strong></span> <span class='ocrx_word' id='word_1_158' title='bbox 752 2229 875 2279; x_wconf 87' lang='lat' dir='ltr'><strong>creatam</strong></span> 
     </span>
     <span class='ocr_line' id='line_1_25' title="bbox 140 2301 963 2382; baseline -0.001 -17"><span class='ocrx_word' id='word_1_159' title='bbox 140 2310 193 2365; x_wconf 75' lang='lat'><strong>230</strong></span> <span class='ocrx_word' id='word_1_160' title='bbox 208 2303 378 2381; x_wconf 83' lang='lat' dir='ltr'><strong>seminibus,</strong></span> <span class='ocrx_word' id='word_1_161' title='bbox 392 2305 523 2382; x_wconf 88' lang='lat' dir='ltr'><strong>quoniam</strong></span> <span class='ocrx_word' id='word_1_162' title='bbox 534 2304 648 2381; x_wconf 84' lang='lat' dir='ltr'><strong>lugiens</strong></span> <span class='ocrx_word' id='word_1_163' title='bbox 660 2301 700 2362; x_wconf 88' lang='lat' dir='ltr'><strong>nil</strong></span> <span class='ocrx_word' id='word_1_164' title='bbox 711 2304 847 2382; x_wconf 86' lang='lat' dir='ltr'><strong>ponderis</strong></span> <span class='ocrx_word' id='word_1_165' title='bbox 862 2305 963 2365; x_wconf 81' lang='lat' dir='ltr'><strong>aufert.</strong></span> 
     </span>
     <span class='ocr_line' id='line_1_26' title="bbox 246 2386 1036 2467; baseline 0.005 -20"><span class='ocrx_word' id='word_1_166' title='bbox 246 2386 309 2448; x_wconf 89' lang='lat' dir='ltr'><strong>Nec</strong></span> <span class='ocrx_word' id='word_1_167' title='bbox 321 2396 414 2448; x_wconf 91' lang='lat' dir='ltr'><strong>tamen</strong></span> <span class='ocrx_word' id='word_1_168' title='bbox 425 2387 498 2448; x_wconf 85' lang='lat' dir='ltr'><strong>haec</strong></span> <span class='ocrx_word' id='word_1_169' title='bbox 508 2387 631 2467; x_wconf 85' lang='lat' dir='ltr'><strong>simplex</strong></span> <span class='ocrx_word' id='word_1_170' title='bbox 642 2388 725 2448; x_wconf 90' lang='lat' dir='ltr'><strong>nobis</strong></span> <span class='ocrx_word' id='word_1_171' title='bbox 738 2399 834 2448; x_wconf 88' lang='lat' dir='ltr'><strong>natura</strong></span> <span class='ocrx_word' id='word_1_172' title='bbox 846 2388 968 2466; x_wconf 80' lang='lat' dir='ltr'><strong>putanda</strong></span> <span class='ocrx_word' id='word_1_173' title='bbox 982 2399 1036 2451; x_wconf 91' lang='lat' dir='ltr'><strong>est.</strong></span> 
     </span>
     <span class='ocr_line' id='line_1_27' title="bbox 204 2471 923 2551; baseline -0.003 -18"><span class='ocrx_word' id='word_1_174' title='bbox 204 2475 297 2533; x_wconf 82' lang='lat' dir='ltr'><strong>tenvis</strong></span> <span class='ocrx_word' id='word_1_175' title='bbox 311 2474 385 2532; x_wconf 90' lang='lat' dir='ltr'><strong>enim</strong></span> <span class='ocrx_word' id='word_1_176' title='bbox 397 2471 534 2551; x_wconf 86' lang='lat' dir='ltr'><strong>quaedam</strong></span> <span class='ocrx_word' id='word_1_177' title='bbox 545 2471 728 2532; x_wconf 91' lang='lat' dir='ltr'><strong>moribundos</strong></span> <span class='ocrx_word' id='word_1_178' title='bbox 740 2472 847 2532; x_wconf 89' lang='lat' dir='ltr'><strong>deserit</strong></span> <span class='ocrx_word' id='word_1_179' title='bbox 857 2490 923 2531; x_wconf 89' lang='lat' dir='ltr'><strong>aura</strong></span> 
     </span>
     <span class='ocr_line' id='line_1_28' title="bbox 52 2555 929 2635; baseline -0.002 -20"><span class='ocrx_word' id='word_1_180' title='bbox 52 2627 56 2634; x_wconf 90' lang='lat'><em>.</em></span> <span class='ocrx_word' id='word_1_181' title='bbox 114 2613 116 2617; x_wconf 85' lang='grc'><em>,</em></span> <span class='ocrx_word' id='word_1_182' title='bbox 204 2558 290 2617; x_wconf 88' lang='lat' dir='ltr'><strong>mixta</strong></span> <span class='ocrx_word' id='word_1_183' title='bbox 300 2574 427 2635; x_wconf 85' lang='lat' dir='ltr'><strong>vapore,</strong></span> <span class='ocrx_word' id='word_1_184' title='bbox 440 2572 531 2634; x_wconf 86' lang='lat' dir='ltr'><strong>vapor</strong></span> <span class='ocrx_word' id='word_1_185' title='bbox 545 2573 631 2634; x_wconf 94' lang='lat' dir='ltr'><strong>porro</strong></span> <span class='ocrx_word' id='word_1_186' title='bbox 642 2555 726 2615; x_wconf 90' lang='lat' dir='ltr'><strong>trahit</strong></span> <span class='ocrx_word' id='word_1_187' title='bbox 740 2563 807 2615; x_wconf 75' lang='lat' dir='ltr'><strong>aera</strong></span> <span class='ocrx_word' id='word_1_188' title='bbox 821 2574 929 2616; x_wconf 91' lang='lat' dir='ltr'><strong>secum.</strong></span> 
     </span>
     <span class='ocr_line' id='line_1_29' title="bbox 204 2639 999 2717; baseline 0.003 -17"><span class='ocrx_word' id='word_1_189' title='bbox 204 2658 260 2701; x_wconf 90' lang='lat' dir='ltr'><strong>nec</strong></span> <span class='ocrx_word' id='word_1_190' title='bbox 272 2639 351 2700; x_wconf 90' lang='lat' dir='ltr'><strong>calor</strong></span> <span class='ocrx_word' id='word_1_191' title='bbox 366 2649 411 2700; x_wconf 90' lang='lat' dir='ltr'><strong>est</strong></span> <span class='ocrx_word' id='word_1_192' title='bbox 423 2642 589 2717; x_wconf 86' lang='lat' dir='ltr'><strong>quisquam,</strong></span> <span class='ocrx_word' id='word_1_193' title='bbox 604 2641 648 2698; x_wconf 91' lang='lat' dir='ltr'><strong>eui</strong></span> <span class='ocrx_word' id='word_1_194' title='bbox 663 2657 719 2698; x_wconf 93' lang='lat' dir='ltr'><strong>non</strong></span> <span class='ocrx_word' id='word_1_195' title='bbox 731 2642 767 2700; x_wconf 92' lang='lat' dir='ltr'><strong>sit</strong></span> <span class='ocrx_word' id='word_1_196' title='bbox 778 2642 881 2700; x_wconf 87' lang='lat' dir='ltr'><strong>mixtus</strong></span> <span class='ocrx_word' id='word_1_197' title='bbox 894 2649 924 2700; x_wconf 91' lang='lat' dir='ltr'><strong>et</strong></span> <span class='ocrx_word' id='word_1_198' title='bbox 936 2660 999 2702; x_wconf 89' lang='lat' dir='ltr'><strong>aer:</strong></span> 
     </span>
     <span class='ocr_line' id='line_1_30' title="bbox 140 2722 929 2802; baseline -0.001 -16"><span class='ocrx_word' id='word_1_199' title='bbox 140 2731 192 2786; x_wconf 76' lang='lat'><strong>236</strong></span> <span class='ocrx_word' id='word_1_200' title='bbox 203 2741 266 2784; x_wconf 90' lang='lat' dir='ltr'><strong>rara</strong></span> <span class='ocrx_word' id='word_1_201' title='bbox 279 2722 355 2800; x_wconf 91' lang='lat' dir='ltr'><strong>quod</strong></span> <span class='ocrx_word' id='word_1_202' title='bbox 367 2725 428 2783; x_wconf 90' lang='lat' dir='ltr'><strong>eius</strong></span> <span class='ocrx_word' id='word_1_203' title='bbox 441 2723 514 2782; x_wconf 92' lang='lat' dir='ltr'><strong>enim</strong></span> <span class='ocrx_word' id='word_1_204' title='bbox 526 2730 638 2782; x_wconf 87' lang='lat' dir='ltr'><strong>constat</strong></span> <span class='ocrx_word' id='word_1_205' title='bbox 648 2732 761 2802; x_wconf 85' lang='lat' dir='ltr'><strong>natura,</strong></span> <span class='ocrx_word' id='word_1_206' title='bbox 775 2734 929 2785; x_wconf 90' lang='lat' dir='ltr'><strong>necessest</strong></span> 
     </span>
     <span class='ocr_line' id='line_1_31' title="bbox 204 2806 832 2885; baseline 0.002 -18"><span class='ocrx_word' id='word_1_207' title='bbox 204 2807 279 2867; x_wconf 80' lang='lat' dir='ltr'><strong>a‘c&#39;ris</strong></span> <span class='ocrx_word' id='word_1_208' title='bbox 291 2807 365 2865; x_wconf 91' lang='lat' dir='ltr'><strong>inter</strong></span> <span class='ocrx_word' id='word_1_209' title='bbox 376 2825 440 2866; x_wconf 91' lang='lat' dir='ltr'><strong>eum</strong></span> <span class='ocrx_word' id='word_1_210' title='bbox 451 2806 602 2885; x_wconf 90' lang='lat' dir='ltr'><strong>primordia</strong></span> <span class='ocrx_word' id='word_1_211' title='bbox 613 2807 699 2867; x_wconf 90' lang='lat' dir='ltr'><strong>multa</strong></span> <span class='ocrx_word' id='word_1_212' title='bbox 713 2810 832 2868; x_wconf 86' lang='lat' dir='ltr'><strong>moveri.</strong></span> 
     </span>
     <span class='ocr_line' id='line_1_32' title="bbox 202 2889 871 2972; baseline 0.001 -22"><span class='ocrx_word' id='word_1_213' title='bbox 202 2893 257 2952; x_wconf 90' lang='lat' dir='ltr'><strong>iam</strong></span> <span class='ocrx_word' id='word_1_214' title='bbox 271 2889 377 2969; x_wconf 86' lang='lat' dir='ltr'><strong>triplex</strong></span> <span class='ocrx_word' id='word_1_215' title='bbox 387 2892 469 2950; x_wconf 90' lang='lat' dir='ltr'><strong>animi</strong></span> <span class='ocrx_word' id='word_1_216' title='bbox 483 2898 529 2951; x_wconf 93' lang='lat' dir='ltr'><strong>est</strong></span> <span class='ocrx_word' id='word_1_217' title='bbox 539 2893 625 2969; x_wconf 83' lang='lat' dir='ltr'><strong>igitur</strong></span> <span class='ocrx_word' id='word_1_218' title='bbox 636 2901 732 2952; x_wconf 86' lang='lat' dir='ltr'><strong>natura</strong></span> <span class='ocrx_word' id='word_1_219' title='bbox 742 2902 871 2972; x_wconf 86' lang='lat' dir='ltr'><strong>reperta:</strong></span> 
     </span>
     <span class='ocr_line' id='line_1_33' title="bbox 202 2974 1048 3045; baseline 0.004 -11"><span class='ocrx_word' id='word_1_220' title='bbox 202 2994 258 3036; x_wconf 91' lang='lat' dir='ltr'><strong>nec</strong></span> <span class='ocrx_word' id='word_1_221' title='bbox 269 2983 363 3035; x_wconf 90' lang='lat' dir='ltr'><strong>tamen</strong></span> <span class='ocrx_word' id='word_1_222' title='bbox 375 2974 449 3036; x_wconf 86' lang='lat' dir='ltr'><strong>haec</strong></span> <span class='ocrx_word' id='word_1_223' title='bbox 463 2985 507 3036; x_wconf 89' lang='lat' dir='ltr'><strong>sat</strong></span> <span class='ocrx_word' id='word_1_224' title='bbox 518 2986 582 3037; x_wconf 89' lang='lat' dir='ltr'><strong>sunt</strong></span> <span class='ocrx_word' id='word_1_225' title='bbox 592 2974 626 3036; x_wconf 86' lang='lat' dir='ltr'><strong>ad</strong></span> <span class='ocrx_word' id='word_1_226' title='bbox 641 2995 756 3036; x_wconf 91' lang='lat' dir='ltr'><strong>sensum</strong></span> <span class='ocrx_word' id='word_1_227' title='bbox 769 2984 870 3036; x_wconf 88' lang='lat' dir='ltr'><strong>cuncta</strong></span> <span class='ocrx_word' id='word_1_228' title='bbox 881 2978 1048 3045; x_wconf 80' lang='lat' dir='ltr'><strong>creandun1;</strong></span> 
     </span>
     <span class='ocr_line' id='line_1_34' title="bbox 201 3058 880 3140; baseline 0 -20"><span class='ocrx_word' id='word_1_229' title='bbox 201 3058 241 3120; x_wconf 91' lang='lat' dir='ltr'><strong>nil</strong></span> <span class='ocrx_word' id='word_1_230' title='bbox 252 3058 352 3120; x_wconf 90' lang='lat' dir='ltr'><strong>horum</strong></span> <span class='ocrx_word' id='word_1_231' title='bbox 363 3061 495 3139; x_wconf 89' lang='lat' dir='ltr'><strong>quoniam</strong></span> <span class='ocrx_word' id='word_1_232' title='bbox 504 3062 608 3139; x_wconf 89' lang='lat' dir='ltr'><strong>recipit</strong></span> <span class='ocrx_word' id='word_1_233' title='bbox 617 3079 665 3120; x_wconf 87' lang='lat' dir='ltr'><strong>res</strong></span> <span class='ocrx_word' id='word_1_234' title='bbox 678 3078 767 3140; x_wconf 89' lang='lat' dir='ltr'><strong>posse</strong></span> <span class='ocrx_word' id='word_1_235' title='bbox 781 3079 880 3120; x_wconf 89' lang='lat' dir='ltr'><strong>creare</strong></span> 
     </span>
     <span class='ocr_line' id='line_1_35' title="bbox 138 3143 934 3224; baseline -0.006 -16"><span class='ocrx_word' id='word_1_236' title='bbox 138 3144 483 3222; x_wconf 62' lang='lat' dir='ltr'><strong>mercenarorium,</strong></span> <span class='ocrx_word' id='word_1_237' title='bbox 497 3145 608 3224; x_wconf 87' lang='lat' dir='ltr'><strong>quidam</strong></span> <span class='ocrx_word' id='word_1_238' title='bbox 623 3144 700 3223; x_wconf 88' lang='lat' dir='ltr'><strong>quod</strong></span> <span class='ocrx_word' id='word_1_239' title='bbox 709 3143 934 3205; x_wconf 86' lang='lat' dir='ltr'><strong>manticulantur.</strong></span> 
     </span>
     <span class='ocr_line' id='line_1_36' title="bbox 202 3228 1003 3308; baseline 0.002 -20"><span class='ocrx_word' id='word_1_240' title='bbox 202 3238 301 3307; x_wconf 87' lang='lat' dir='ltr'><strong>quarta</strong></span> <span class='ocrx_word' id='word_1_241' title='bbox 314 3246 429 3308; x_wconf 86' lang='lat' dir='ltr'><strong>quoque</strong></span> <span class='ocrx_word' id='word_1_242' title='bbox 440 3228 485 3290; x_wconf 91' lang='lat' dir='ltr'><strong>his</strong></span> <span class='ocrx_word' id='word_1_243' title='bbox 497 3231 583 3308; x_wconf 79' lang='lat' dir='ltr'><strong>igitur</strong></span> <span class='ocrx_word' id='word_1_244' title='bbox 593 3228 730 3308; x_wconf 81' lang='lat' dir='ltr'><strong>quraedarn</strong></span> <span class='ocrx_word' id='word_1_245' title='bbox 741 3239 839 3291; x_wconf 91' lang='lat' dir='ltr'><strong>natura</strong></span> <span class='ocrx_word' id='word_1_246' title='bbox 849 3239 1003 3290; x_wconf 86' lang='lat' dir='ltr'><strong>necessest</strong></span> 
     </span>
     <span class='ocr_line' id='line_1_37' title="bbox 201 3314 859 3392; baseline 0.002 -20"><span class='ocrx_word' id='word_1_247' title='bbox 201 3314 390 3374; x_wconf 88' lang='lat' dir='ltr'><strong>adtribuatur:</strong></span> <span class='ocrx_word' id='word_1_248' title='bbox 405 3322 468 3375; x_wconf 91' lang='lat' dir='ltr'><strong>east</strong></span> <span class='ocrx_word' id='word_1_249' title='bbox 480 3316 592 3374; x_wconf 91' lang='lat' dir='ltr'><strong>omnino</strong></span> <span class='ocrx_word' id='word_1_250' title='bbox 603 3314 724 3373; x_wconf 91' lang='lat' dir='ltr'><strong>nominis</strong></span> <span class='ocrx_word' id='word_1_251' title='bbox 736 3331 859 3392; x_wconf 84' lang='lat' dir='ltr'><strong>expers;</strong></span> 
     </span>
     <span class='ocr_line' id='line_1_38' title="bbox 202 3396 1025 3477; baseline 0.001 -22"><span class='ocrx_word' id='word_1_252' title='bbox 202 3414 257 3475; x_wconf 89' lang='lat' dir='ltr'><strong>qua</strong></span> <span class='ocrx_word' id='word_1_253' title='bbox 267 3412 361 3475; x_wconf 88' lang='lat' dir='ltr'><strong>neque</strong></span> <span class='ocrx_word' id='word_1_254' title='bbox 373 3396 505 3459; x_wconf 88' lang='lat' dir='ltr'><strong>mobilius</strong></span> <span class='ocrx_word' id='word_1_255' title='bbox 519 3400 672 3477; x_wconf 86' lang='lat' dir='ltr'><strong>quicquam</strong></span> <span class='ocrx_word' id='word_1_256' title='bbox 683 3415 778 3474; x_wconf 87' lang='lat' dir='ltr'><strong>neque</strong></span> <span class='ocrx_word' id='word_1_257' title='bbox 789 3398 901 3458; x_wconf 85' lang='lat' dir='ltr'><strong>tenvius</strong></span> <span class='ocrx_word' id='word_1_258' title='bbox 913 3406 1025 3474; x_wconf 79' lang='lat' dir='ltr'><strong>exstat,</strong></span> 
     </span>
     <span class='ocr_line' id='line_1_39' title="bbox 201 3477 894 3561; baseline 0.007 -24"><span class='ocrx_word' id='word_1_259' title='bbox 201 3497 253 3539; x_wconf 88' lang='lat' dir='ltr'><strong>nec</strong></span> <span class='ocrx_word' id='word_1_260' title='bbox 269 3483 358 3558; x_wconf 78' lang='lat' dir='ltr'><strong>magis</strong></span> <span class='ocrx_word' id='word_1_261' title='bbox 371 3502 388 3542; x_wconf 93' lang='lat' dir='ltr'><strong>e</strong></span> <span class='ocrx_word' id='word_1_262' title='bbox 400 3483 496 3561; x_wconf 85' lang='lat' dir='ltr'><strong>parvis</strong></span> <span class='ocrx_word' id='word_1_263' title='bbox 511 3491 540 3543; x_wconf 90' lang='lat' dir='ltr'><strong>et</strong></span> <span class='ocrx_word' id='word_1_264' title='bbox 550 3480 662 3542; x_wconf 85' lang='lat' dir='ltr'><strong>levibus</strong></span> <span class='ocrx_word' id='word_1_265' title='bbox 673 3489 718 3542; x_wconf 88' lang='lat' dir='ltr'><strong>est</strong></span> <span class='ocrx_word' id='word_1_266' title='bbox 729 3477 894 3550; x_wconf 87' lang='lat' dir='ltr'><strong>elementis;</strong></span> 
     </span>
    </p>
   </div>
   <div class='ocr_carea' id='block_1_5' title="bbox 0 0 1148 3886">
    <p class='ocr_par' dir='ltr' id='par_1_8' title="bbox 0 0 1148 3886">
     <span class='ocr_line' id='line_1_40' title="bbox 0 0 1148 3886; baseline 0 2"><span class='ocrx_word' id='word_1_267' title='bbox 0 0 1148 3886; x_wconf 95' lang='lat' dir='ltr'><strong> </strong></span> 
     </span>
    </p>
   </div>
  </div>
 </body>
</html>
