2288 3886
556 172 596 234 lll

154 359 221 401 nam
233 359 296 401 oum
307 342 447 420 respicias
458 341 576 402 inmensi
587 341 727 419 temporis
740 358 822 401 omne

157 425 342 504 praeteritum
351 425 487 503 spatium,
498 433 558 484 tum
569 434 661 485 motus
672 426 799 485 materiai

149 506 327 572 multimodis
340 509 508 586 quamnim,
521 506 606 568 iaoile
618 505 674 568 boe
685 508 842 570 adcredere
853 509 967 589 possis,

78 604 142 658 855
158 593 267 652 semina
279 609 368 670 saepe
379 592 408 651 in
420 591 543 670 eodem,
555 600 586 652 ut
597 609 672 652 nuno
686 601 766 669 suut,
780 592 878 653 ordine
890 602 972 672 posta

155 676 230 736 haee
242 674 358 752 eadem,
372 676 475 753 quibus
486 693 503 734 e
514 693 589 737 nuno
600 691 653 738 nos
664 693 777 754 sumus,
793 677 972 738 antefuisse:

156 778 213 820 neo
224 759 341 819 memori
352 766 445 819 tamen
459 757 488 818 id
500 760 610 838 quimus
624 757 838 836 reprehendere
849 769 960 822 mente:

156 846 231 903 iuter
241 844 316 904 euim
326 843 429 902 Ieotast
439 843 507 903 vitei
517 861 621 922 pausa,
635 860 768 922 vageque

158 926 321 987 deerrarunt
333 927 438 1004 passim
450 935 543 987 motus
555 927 590 987 ab
602 927 734 988 sensibus
746 945 854 988 omnes.

83 1022 145 1074 860
156 1011 243 1071 debet
256 1011 345 1087 enim,
357 1011 463 1071 misere
474 1010 499 1072 si
513 1009 588 1070 forte
600 1028 746 1089 aegreque
761 1011 929 1088 futurumst,

157 1097 222 1174 ipse
237 1112 351 1174 quoque
362 1112 430 1155 esse
442 1095 471 1152 in
482 1111 519 1153 eo
529 1103 588 1154 tum
599 1103 746 1173 tempore,
761 1096 807 1154 oui
818 1094 891 1155 male
903 1097 994 1174 possit

157 1177 306 1239 accidere:
318 1176 346 1237 id
359 1178 490 1256 quoniam
500 1195 577 1238 mors
589 1179 702 1254 eximit,
716 1196 840 1257 esseque
854 1179 958 1255 probet

157 1260 236 1322 illum
248 1263 294 1321 eui
306 1263 416 1340 possint
426 1261 604 1323 incommoda
620 1261 782 1339 conciliari,

158 1347 233 1408 scire
244 1343 314 1406 lieet
323 1346 408 1406 nobis
420 1345 459 1405 nil
474 1347 581 1407 esseio
595 1356 686 1407 morte
697 1345 865 1422 timendum,

88 1439 145 1494 865
157 1447 212 1489 nee
223 1431 357 1490 miserum
369 1429 431 1490 lieri
442 1431 489 1508 qui
501 1448 559 1491 ooo
571 1440 615 1491 est
627 1447 734 1508 posse,
746 1448 842 1510 ueque
853 1429 940 1490 bilum

159 1512 272 1573 differre
283 1522 349 1573 ante
360 1510 419 1572 ullo
431 1512 516 1575 luerit
527 1516 581 1574 iam
592 1522 721 1594 tempore
733 1523 832 1592 natus,

157 1593 304 1657 mortalem
315 1599 400 1656 vitam
410 1614 487 1657 mors
498 1616 561 1658 oum
572 1598 727 1660 inmortalis
740 1600 852 1660 ademit.

199 1679 319 1740 Proinde
334 1681 382 1741 ubi
393 1700 427 1741 se
438 1681 536 1743 rideas
550 1682 693 1742 bominem
704 1683 875 1761 indignarier
888 1684 998 1762 ipsum,

158 1773 355 1844 postmortem
365 1765 428 1826 iore
439 1775 470 1826 ut
481 1775 529 1826 aut
540 1775 673 1844 putescat
685 1784 808 1844 corpore
820 1776 904 1844 posto

87 1857 145 1913 870
156 1858 203 1909 aut
214 1847 331 1909 dammis
341 1849 461 1910 interfiat
473 1849 591 1909 malisve
601 1848 741 1925 ferarum,

159 1934 234 1993 scire
249 1930 318 1992 lieet
332 1950 389 1993 non
400 1935 544 1994 sincerum
554 1949 675 2009 sonere,
687 1941 771 2010 atque
783 1931 907 1991 subesse

159 2033 276 2077 eaeoum
285 2014 408 2095 aliquem
421 2015 499 2077 oordi
511 2015 669 2094 stimulum,
684 2016 811 2095 quamvis
823 2022 910 2092 neget
923 2015 988 2094 ipse

158 2099 276 2160 credere
292 2119 325 2160 se
335 2118 504 2179 quemquam
516 2103 569 2163 sibi
582 2119 698 2163 sensum
709 2102 738 2160 io
747 2109 839 2160 morte
851 2099 988 2160 futurum:

157 2200 230 2260 nou,
242 2185 400 2263 mopinot,
413 2186 488 2245 enirn
500 2184 545 2246 dat
559 2185 636 2264 quod
645 2187 783 2265 promittit
796 2193 825 2245 et
837 2183 929 2262 unde,

91 2276 146 2332 875
153 2284 213 2327 'neo
224 2266 358 2329 radioitus
370 2286 387 2326 e
398 2270 455 2329 vita
467 2287 500 2328 se
511 2268 587 2329 tollit
599 2279 629 2328 et
639 2272 724 2347 eicit,

158 2349 210 2412 sed
220 2350 287 2410 iacit
300 2369 367 2412 esse
378 2353 422 2411 sui
434 2351 564 2431 quiddam
577 2368 665 2430 super
678 2354 785 2412 inscius
797 2353 870 2429 ipse.

156 2437 238 2495 vivus
251 2436 325 2494 enim
338 2435 392 2498 sibi
408 2454 472 2496 eum
483 2439 617 2514 proponit
629 2437 749 2515 quisque
766 2434 905 2511 futurum,

158 2536 263 2598 eorpus
274 2521 314 2578 uti
325 2517 459 2580 volueres
470 2517 598 2580 lacerent
611 2522 639 2579 in
650 2526 740 2578 morte
753 2517 908 2594 feraeque,

156 2604 220 2682 ipse
234 2604 277 2663 sui
288 2602 418 2664 miseret:
430 2621 525 2682 neque
540 2606 658 2665 enimse
670 2601 766 2663 dividit
782 2600 853 2661 illim

93 2696 147 2750 880
160 2705 214 2746 nee
226 2696 354 2746 removet
366 2689 450 2765 satis,
462 2705 478 2746 a
490 2689 620 2765 proiecto
633 2704 773 2767 corpore,
787 2695 815 2746 et
829 2683 907 2744 illum

156 2789 189 2831 se
205 2770 284 2847 lingit
298 2788 442 2850 sensuque
455 2789 506 2831 suo
519 2773 687 2832 contaminat
698 2779 808 2834 astaus:

156 2854 222 2913 bino
233 2854 390 2931 indignatur
401 2874 434 2916 se
445 2854 592 2916 mortalem
604 2873 672 2915 esse
685 2865 827 2932 creatum,

156 2956 211 2998 nee
223 2937 339 2998 videtin
351 2957 419 2999 vera
430 2936 536 2998 nullum
548 2938 611 2999 iore
622 2947 713 2999 morte
724 2936 808 2998 alium
820 2957 870 3015 se,

157 3023 205 3101 qui
217 3023 308 3100 possit
318 3023 400 3082 virus
412 3023 465 3083 sibi
475 3041 508 3083 se
518 3021 620 3099 lugere
632 3030 829 3101 peremptum,

90 3114 144 3169 885
159 3114 295 3184 stansque
306 3107 446 3166 iacentem
456 3126 489 3166 se
499 3105 618 3167 lacerari
630 3106 710 3165 urire
724 3103 834 3165 dolere.

157 3191 254 3250 namsi
265 3191 294 3248 in
304 3197 395 3249 morte
407 3189 537 3250 malumst
548 3188 628 3249 malis
639 3206 793 3268 morsuque
807 3187 929 3248 ferarum

157 3275 289 3352 tractari,
300 3290 357 3334 uon
368 3274 480 3346 invenio
493 3274 541 3351 qui
554 3290 610 3332 nou
626 3274 662 3333 sit
673 3272 808 3333 acerbum

157 3357 270 3433 ignibus
285 3359 438 3435 inpositum
453 3355 550 3419 calidis
562 3366 724 3417 torrescere
736 3355 871 3433 dammis,

155 3450 203 3500 aut
215 3442 244 3499 in
258 3439 345 3501 melle
357 3442 441 3502 situm
450 3441 583 3502 suil'ooari
594 3449 679 3520 atque
690 3442 786 3519 rigere
