2288 3886
116 179 175 247 106
595 178 635 240 lv

198 368 262 411 cum
273 349 340 410 tuba
352 328 492 427 depresso
504 350 629 427 pariter
639 349 692 410 sub
704 366 846 408 murmure
858 349 947 426 mugit

198 445 226 495 et
237 434 337 493 reboat
348 450 464 493 raucum
475 435 557 510 regio
571 435 626 493 cita
637 433 755 493 barbara
766 432 919 511 bombum,

130 528 183 582 545
196 528 225 578 et
236 516 340 594 gelidis
353 518 436 592 cycni
446 527 533 577 nocte
545 518 603 576 oris
615 534 653 577 ex
663 515 810 577 Heliconis

199 619 262 662 cum
273 599 406 680 liquidam
416 599 518 661 tollunt
532 599 647 678 lugubri
659 616 733 660 voce
745 597 911 679 querellam.

239 684 334 745 llasoe
346 685 431 762 igitur
441 687 555 764 penitus
566 702 657 746 voces
670 701 734 744 cum
748 701 873 763 corpore
884 692 985 745 nostro

199 769 379 847 exprimimus
390 779 530 848 rectoque
542 768 619 829 loras
631 769 781 829 emittimus
793 784 860 845 ore,

198 851 310 913 mobilis
321 851 451 912 articulat
462 853 614 913 verborum
625 851 741 912 daedala
756 850 871 931 lingua,

134 950 188 1002 550
199 937 409 1016 formaturaque
420 935 562 996 labrorum
575 954 628 1016 pro
640 946 721 1016 parte
734 936 843 1014 ligurat.

199 1021 256 1082 hoc
268 1020 316 1080 ubi
327 1037 384 1080 non
396 1019 511 1098 longum
523 1023 672 1099 spatiumst
684 1019 758 1080 unde
770 1037 824 1079 una
834 1016 967 1098 proiectu

199 1105 347 1185 perveniat
360 1121 419 1164 vox
432 1123 563 1184 quaeque
573 1150 583 1183 ,
595 1113 748 1165 necessest
758 1103 847 1166 verba
859 1119 975 1181 quoqne
986 1103 1053 1181 ipsa

201 1187 284 1269 plane
297 1187 423 1249 exaudiri
435 1189 616 1268 discernique
631 1187 813 1248 articulatim:

75 1333 79 1340 ,
201 1281 296 1334 servat
307 1273 381 1333 enim
391 1271 570 1332 formaturam
580 1280 733 1352 servatque
745 1273 870 1349 liguram.

134 1368 187 1421 555
201 1366 229 1416 at
240 1358 264 1416 si
275 1357 472 1435 interpositum
484 1359 605 1435 spatium
616 1358 652 1416 sit
663 1356 777 1434 longius
789 1370 900 1433 aequo,

202 1447 269 1501 adra
280 1439 459 1517 permultum
471 1439 605 1500 conlundi
615 1440 705 1500 verba
716 1447 870 1501 necessest

203 1532 232 1584 et
245 1523 406 1583 conturbari
417 1540 537 1602 uocem,
549 1522 614 1582 dum
624 1521 779 1584 transvolat
790 1540 881 1584 auras.

150 1686 153 1693 Ι
202 1623 273 1684 ergo
286 1606 334 1683 lit,
348 1609 470 1666 sonitum
480 1616 511 1667 ut
522 1608 619 1688 possis
631 1609 755 1685 sentire,
773 1624 868 1685 neque
879 1605 955 1667 illam

152 1698 155 1703 ’
202 1692 418 1769 internoscere,
430 1692 583 1751 verborum
593 1693 734 1751 sententia
746 1709 818 1771 quae
830 1695 882 1750 sit:

138 1772 192 1840 560
202 1793 295 1854 usque
306 1773 379 1835 adeo
392 1775 511 1836 confusa
521 1777 599 1836 venit
609 1791 667 1835 vox
679 1777 764 1854 inque
776 1773 880 1854 pedite.

201 1868 352 1939 praetcrea
362 1860 480 1920 uerbum
492 1877 580 1938 saepe
592 1877 676 1918 unum
688 1860 801 1938 perciet
811 1859 886 1918 auris

203 1943 332 2004 omnibus
343 1944 371 2003 in
383 1942 492 2022 populo
502 1989 511 2021 ,
522 1945 638 2004 missum
648 1943 799 2022 praeconis
811 1942 846 2002 ab
860 1958 920 2001 ore.

202 2029 230 2087 in
244 2026 345 2087 multas
358 2028 444 2103 igitur
455 2044 544 2087 voces
556 2044 614 2086 vox
624 2044 677 2085 una
690 2035 812 2104 repente

203 2109 330 2186 diliugit,
343 2111 371 2168 in
383 2112 477 2189 privas
490 2111 621 2188 quoniam
632 2128 665 2169 se
677 2108 774 2168 dividit
786 2110 878 2186 auris,

136 2205 189 2258 565
201 2193 355 2271 obsignans
368 2192 484 2252 formam
494 2193 575 2253 verbi
588 2191 751 2272 clarumque
764 2210 906 2253 sonorem.

203 2286 314 2357 atquae
325 2294 391 2355 pars
402 2293 572 2337 uocumnon
583 2278 657 2338 auris
669 2277 766 2337 incidit
777 2277 872 2356 ipsas,

203 2358 374 2441 praeterlata
384 2363 459 2442 perit
470 2361 573 2422 irustra
590 2361 691 2422 diffusa
701 2379 755 2440 per
764 2379 860 2421 auras:

202 2464 286 2525 pars,
299 2443 398 2507 solidis
410 2444 516 2522 adlisa,
528 2441 602 2506 locis
613 2447 722 2505 reiecta
734 2462 867 2506 sonorem

202 2529 294 2590 reddit
306 2537 335 2590 et
346 2529 484 2590 interdum
495 2530 644 2590 frustratur
653 2530 774 2606 imagine
789 2528 879 2588 verbi.

138 2622 277 2694 sicquae
290 2613 364 2672 bene
377 2631 441 2672 cum
451 2612 567 2689 videas,
579 2614 717 2672 rationem
727 2611 849 2673 reddere
861 2612 959 2689 possis

203 2705 263 2757 tute
274 2696 326 2755 tibi
337 2705 422 2774 atque
435 2695 515 2772 aliis,
532 2713 588 2773 quo
600 2702 686 2773 pacto
696 2713 750 2774 per
759 2694 824 2756 loca
835 2694 898 2755 sola

204 2797 272 2841 saxa
282 2781 358 2856 paris
373 2779 478 2839 formas
489 2780 642 2839 verborum
654 2797 691 2840 ex
702 2778 800 2839 ordine
812 2777 947 2858 reddant,

204 2862 324 2943 palantis
337 2864 456 2923 comites
468 2881 531 2924 cum
541 2864 644 2924 montis
658 2864 733 2923 inter
744 2878 852 2941 opacos

205 2947 364 3026 quaerimus
376 2955 406 3007 ct
418 2963 517 3025 magna
529 2946 676 3026 dispersos
689 2964 764 3007 voce
776 2947 894 3008 ciemus.

139 3038 192 3095 sis
203 3050 256 3092 sex
266 3031 350 3091 etiam
360 3040 407 3091 aut
418 3041 531 3109 septem
541 3031 607 3091 loca
616 3030 674 3090 vidi
685 3029 923 3108 redderevoces,

204 3132 285 3174 unam
297 3132 361 3176 curo
371 3116 497 3177 iaceres:
508 3116 546 3175 ita
558 3113 650 3176 colles
663 3112 785 3175 collibus
795 3114 851 3192 ipsi

203 3199 292 3259 verba
302 3197 482 3278 repulsantes
494 3199 632 3260 iterabant
643 3197 728 3258 docta
739 3197 849 3258 referri.

205 3281 277 3342 baec
288 3281 353 3342 loca
366 3281 536 3361 capripedes
549 3291 660 3357 satyros
671 3281 866 3360 nymphasque
878 3290 980 3342 tenere

205 3366 311 3425 finitimi
322 3367 448 3444 lingunt,
465 3374 494 3425 et
506 3366 606 3426 faunos
619 3361 688 3426 esse
698 3363 847 3442 locuntur,

141 3458 193 3513 530
205 3466 324 3530 quorum
335 3447 490 3527 noctivago
502 3450 623 3530 strepitu
634 3447 760 3527 ludoque
771 3449 877 3509 iocanti
