2288 3886
114 205 175 268 116
596 206 635 266 lll

132 382 184 438 920
196 374 376 452 eiectamque
391 372 481 444 foras;
496 393 553 435 non
565 393 691 435 omnem:
703 393 823 455 namque
837 378 945 437 iaceret

197 467 315 518 aeterno
327 474 433 535 corpus
447 459 594 537 perfusum
606 459 714 535 frigore
729 457 788 520 leti.

197 544 304 621 quippe
315 587 324 618 ,
337 541 384 601 ubi
396 542 472 603 nulla
483 542 574 603 latens
587 544 685 602 animai
697 560 762 620 pars
774 554 934 604 remaneret

195 626 225 685 in
236 626 386 702 membris,
400 628 496 687 cinere
507 636 538 686 ut
549 626 634 687 multa
644 626 714 686 latet
726 628 844 688 obrutus
855 630 950 707 ignis,

196 709 272 769 unde
283 709 433 770 reconflari
445 730 547 771 sensus
560 729 613 789 per
624 711 749 771 membra
761 721 885 790 repente

134 802 184 857 925
198 804 317 873 posset,
330 803 360 853 ut
372 797 478 872 exigui
490 812 578 855 caeco
590 811 766 872 consurgere
781 794 910 855 flamma?

241 876 300 937 Sed
308 878 414 956 >quibus
424 878 496 939 baec
507 879 595 939 rebus
607 880 717 938 nouitas
731 880 852 957 confiat,
867 889 896 939 et
908 881 982 940 unde

196 961 354 1040 perturbari
365 964 454 1022 anima
466 972 495 1022 et
510 980 614 1042 corpus
628 962 818 1039 languescere
829 967 940 1042 possit,

198 1045 363 1125 expediam:
378 1054 407 1105 tu
422 1046 468 1106 iac
480 1066 515 1106 ne
527 1049 620 1106 ventis
632 1047 721 1106 verba
731 1047 908 1126 profundam.

196 1131 337 1209 principio
349 1139 465 1190 externa
478 1149 583 1210 corpus
595 1130 630 1190 de
642 1140 722 1208 parte
734 1149 888 1192 necessum
900 1142 961 1210 est,

135 1221 188 1276 930
198 1215 283 1274 aeriis
297 1216 427 1292 quoniam
438 1216 561 1274 vicinum
571 1216 694 1291 tangitur
704 1217 798 1292 auris,

197 1297 309 1358 tundier
319 1308 404 1378 atque
416 1299 451 1359 ab
463 1299 526 1359 ibus
540 1299 642 1358 crebro
655 1297 794 1376 pulsarier
805 1300 862 1359 ictu
871 1311 885 1375 ‚⁴

198 1392 410 1462 proptereaque
421 1383 483 1442 iere
493 1402 541 1443 res
554 1400 652 1442 omnes
665 1392 712 1442 aut
724 1384 802 1443 con'o
818 1393 883 1443 sunt

198 1469 340 1526 autetiam
352 1466 470 1527 conchis
482 1476 528 1526 aut
540 1464 614 1526 callo
625 1476 672 1526 aut
685 1469 793 1526 cortice
806 1477 912 1528 tectae.

198 1552 362 1610 interiorem
376 1551 460 1610 etiam
473 1560 581 1628 partem
594 1551 765 1630 spirantibus
778 1557 829 1610 aer

136 1643 187 1697 935
198 1634 331 1694 verbemt
343 1634 390 1693 bic
401 1633 490 1711 idem,
504 1653 568 1694 cum
579 1634 690 1695 ducitur
702 1644 788 1712 atque
800 1635 925 1695 reflatur,

199 1735 286 1797 quare
297 1720 437 1797 utrimque
449 1737 535 1779 secus
548 1736 611 1778 cnm
623 1735 728 1797 corpus
739 1717 872 1798 vapulet,
889 1729 918 1779 et
931 1738 994 1778 cum

198 1804 365 1882 perveniant
376 1802 478 1881 plagae
489 1821 638 1882 perparva
649 1803 784 1863 foramina
795 1804 878 1863 nobis

200 1889 329 1965 corporis
341 1887 375 1947 ad
389 1889 492 1966 primas
506 1889 594 1966 partis
607 1886 805 1966 elementaque
817 1889 922 1965 prima,

201 1973 230 2031 lit
240 1973 320 2051 quasi
331 1971 462 2049 paulatim
473 1971 556 2031 nobis
568 1989 622 2049 per
632 1972 757 2031 membra
768 1973 855 2031 ruina.
966 2008 968 2013 ·

136 2062 188 2117 940
200 2055 401 2114 conturbantur
413 2055 487 2113 enim
498 2057 643 2132 positurae
656 2056 858 2133 principiorum

201 2139 330 2216 corporis
342 2148 427 2216 atque
438 2139 529 2196 animi.
542 2138 572 2197 iit
583 2139 622 2196 uti
637 2155 703 2216 pars
714 2137 779 2198 inde
791 2141 889 2200 animai

200 2223 333 2299 eiciatur,
346 2232 375 2281 et
385 2224 536 2282 introrsum
546 2240 612 2301 pars
624 2221 718 2284 abdita
731 2223 831 2300 cedat,

201 2322 266 2384 pars
278 2308 361 2366 etiam
373 2307 507 2367 distracta
519 2324 571 2386 per
582 2316 658 2367 artus
669 2325 725 2367 non
738 2318 823 2386 queat
835 2327 902 2368 esse

200 2393 350 2452 coniuncta
360 2393 434 2452 inter
445 2410 478 2450 se
488 2408 582 2470 neque
594 2400 670 2450 motu
682 2401 775 2451 mutue
787 2391 882 2469 fungi:

137 2483 187 2536 945
199 2475 272 2535 inter
283 2477 357 2535 enim
369 2477 461 2553 saepit
473 2485 574 2535 coetus
587 2483 684 2535 natura
692 2477 827 2553 viasque:

201 2576 271 2636 ergo
285 2578 388 2619 sensus
400 2559 456 2619 abit
467 2561 578 2619 mutatis
593 2559 714 2619 motibus
729 2558 795 2619 alte.

200 2651 229 2700 et
242 2645 370 2720 quoniam
383 2660 438 2702 non
455 2652 500 2702 est
513 2643 592 2720 quasi
608 2642 683 2720 quod
695 2641 837 2702 suffulciat
848 2653 942 2721 artus,

200 2725 294 2785 debile
307 2726 337 2785 lit
350 2743 471 2804 corpus,
484 2725 730 2806 languescuntque
744 2727 834 2786 omnia
845 2728 986 2804 membra,

200 2808 313 2869 brachia
324 2809 538 2888 palpebraeque
550 2809 668 2887 cadunt,
681 2810 865 2889 poplitesque
878 2812 993 2872 cubanti

136 2901 187 2955 950
200 2910 288 2972 saepe
298 2903 391 2954 tamen
403 2896 609 2954 summittuntur
619 2897 747 2973 virisque
758 2894 915 2955 resolvunt.

201 2976 303 3050 deinde
315 2979 408 3038 cibum
422 2980 550 3056 sequitur
561 2996 693 3056 somnus,
707 2981 788 3057 qnia,
805 2998 877 3057 quae
891 2980 959 3039 iacit
970 2987 1038 3056 aer,

200 3062 271 3121 haec
282 3062 381 3122 eadem
397 3061 495 3140 cibus,
507 3065 536 3121 in
547 3081 634 3123 venas
646 3063 711 3122 dum
721 3063 823 3123 diditur
836 3066 944 3140 omnis,

200 3145 297 3205 elficit.
311 3155 340 3207 et
349 3145 436 3206 multo
452 3163 540 3225 sopor
551 3145 601 3206 ille
613 3148 795 3224 gravissimus
809 3157 919 3224 exstat,

202 3248 285 3307 quem
297 3241 374 3291 satur
387 3241 434 3290 aut
444 3229 537 3292 lassus
554 3232 665 3308 capias,
681 3232 745 3308 quia
756 3230 874 3309 plurima
886 3241 945 3290 tum
956 3251 989 3291 sc

137 3320 188 3374 955
201 3331 322 3392 corpora
334 3315 500 3376 conturbant
514 3332 615 3392 magno
628 3323 746 3374 contusa
756 3313 865 3374 labore.

201 3397 231 3456 lit
241 3401 349 3471 ratione
361 3399 460 3460 eadem
475 3401 623 3459 coniectus
637 3399 738 3477 partim
750 3400 849 3458 animai

201 3480 299 3560 altior,
312 3492 398 3562 atque
410 3482 487 3544 foras
500 3484 610 3543 eiectus
624 3480 730 3560 largior
742 3484 820 3560 eius,
