2288 3886
116 188 178 254 150
600 185 627 244 v

200 364 352 436 propterca
366 355 513 432 quinquae
529 352 565 411 de
576 352 659 413 terris
670 370 744 411 nunc
756 369 870 430 quoque
881 352 1028 416 abundant
1061 420 1064 424 ,

198 439 350 500 herbarum
360 454 467 514 genera
481 454 515 496 ac
530 435 628 512 fruges
641 435 811 512 arbustaque
826 434 901 496 lacta

199 532 359 583 nontamen
370 522 444 581 inter
455 537 488 580 sc
500 529 620 598 possunt
633 519 783 597 complexa
796 521 902 597 creari,

136 616 188 669 920
201 605 253 669 scd
264 606 308 665 vis
320 621 450 684 quaeqae
462 620 515 663 suo
526 604 580 662 ritu
592 602 738 681 procedit,
755 612 784 663 et
797 619 895 663 ornnes

200 689 317 750 loedere
328 695 443 747 naturae
456 696 536 746 certo
548 685 706 746 discrimina
718 695 840 746 servant.

241 772 278 832 dt
291 790 383 849 genus
396 770 543 830 humanum
554 768 642 828 multo
653 768 704 829 luit
717 768 788 828 illud
798 771 826 829 in
837 771 912 829 arvis

200 856 312 934 durius,
326 863 356 914 ut
368 852 479 930 decuit,
494 851 579 914 tellus
592 851 668 932 quod
679 853 747 912 dura
758 861 904 932 creasset,

200 950 228 999 et
239 939 390 999 maioribus
400 947 429 998 et
444 936 542 998 solidis
554 937 643 1014 magis
656 937 768 997 ossibus
780 938 853 996 intus

137 1031 187 1085 925
199 1021 357 1100 fundatum,
370 1020 470 1082 validis
482 1029 577 1100 aptum
587 1037 640 1098 per
651 1022 763 1080 viscera
773 1021 886 1098 nervis,

198 1125 254 1168 nec
265 1104 350 1168 facile
361 1124 399 1166 ex
409 1116 490 1166 aestu
505 1123 558 1164 nec
572 1101 679 1180 iiigore
691 1103 767 1182 quod
779 1112 946 1182 caperetur,

199 1210 255 1252 nec
266 1191 391 1251 novitate
407 1189 462 1250 cibi
473 1187 594 1249 ncclabi
608 1189 736 1266 corporis
748 1186 814 1246 ulla.

199 1273 341 1353 multaque
356 1292 409 1353 per
420 1272 529 1333 eaelum
540 1271 609 1332 solis
620 1270 764 1332 volventia
774 1268 861 1332 lustra

199 1358 352 1436 volgivago
363 1358 448 1417 vitam
458 1357 613 1418 tractabant
624 1373 703 1416 more
716 1355 845 1416 ferarum.

136 1451 188 1504 930
198 1459 253 1502 nec
265 1441 398 1502 robustus
411 1451 471 1500 erat
484 1441 561 1500 curvi
570 1440 732 1500 moderator
742 1441 825 1501 aratri

200 1527 362 1604 quisquam,
375 1542 430 1584 nec
443 1524 533 1583 scibat
545 1522 621 1583 ferro
633 1523 759 1583 molirier
769 1541 836 1584 arva

198 1627 253 1668 nee
266 1625 339 1667 nova
350 1606 486 1667 defodere
498 1609 526 1667 in
540 1602 643 1667 t‘erram
654 1608 776 1684 virgulta
787 1625 881 1686 neque
893 1606 958 1670 altis

200 1692 347 1753 arboribus
358 1701 474 1752 veteres
489 1689 623 1752 decidere
637 1690 750 1750 ialcibu’
762 1709 864 1752 ramos.

200 1775 275 1854 quod
286 1774 330 1836 sol
342 1784 427 1854 atque
439 1775 543 1835 imbres
556 1774 707 1853 dederant,
720 1776 795 1853 quod
809 1785 885 1836 terra
896 1787 1008 1839 crearat

135 1870 185 1922 935
200 1870 302 1939 sponte
316 1878 382 1938 sua,
396 1860 463 1919 satis
475 1859 503 1918 id
517 1859 646 1938 placabat
657 1869 776 1938 pectora
791 1859 902 1919 donum.

198 1943 369 2021 glandiferas
381 1945 454 2002 inter
465 1944 597 2004 curabant
610 1960 730 2022 corpora
742 1962 864 2021 quercus

198 2027 380 2105 plerumque:
394 2036 422 2086 et
435 2045 507 2104 quac
518 2045 592 2087 nune
604 2025 722 2088 hiberno
735 2036 864 2107 tempore
878 2031 972 2090 cernis

198 2111 286 2170 arbita
297 2112 420 2188 puniceo
433 2110 492 2169 lieri
504 2118 609 2169 matura
621 2109 737 2190 colore,

199 2193 317 2272 plurima
326 2202 385 2253 tum
395 2191 481 2252 tellus
493 2195 576 2252 etiam
587 2196 691 2255 maiora
701 2195 821 2256 ferebat.

136 2287 187 2339 940
197 2276 339 2356 multaque
351 2287 501 2356 praeterea
512 2279 621 2339 novitas
632 2288 689 2338 tum
701 2278 799 2340 florida
809 2279 903 2340 mundi

198 2361 304 2440 pabula
315 2359 382 2421 dura
394 2361 473 2438 tulit,
486 2364 597 2424 miseris
609 2363 772 2425 mortalibus
785 2363 886 2443 ampla.
972 2411 975 2417 .

198 2454 225 2505 at
237 2444 337 2506 sedare
349 2448 423 2505 sitim
435 2444 510 2505 duvii
523 2446 674 2525 fontesque
685 2447 839 2526 vocabant,

198 2539 227 2589 ut
239 2548 313 2589 nunc
323 2531 464 2590 montibus
476 2550 493 2590 e
504 2533 611 2608 magnis
623 2532 760 2591 decursus
772 2533 852 2609 aquai

199 2612 336 2690 clarigitat
350 2611 407 2674 late
418 2615 539 2681 sitientia
550 2614 646 2675 saecla
656 2614 786 2675 ferarum.

133 2705 184 2758 945
198 2695 320 2772 denique
330 2706 397 2756 uota
408 2697 472 2773 vagi
484 2696 625 2757 silvestria
639 2698 745 2778 templa
756 2700 890 2760 tenebant

195 2778 394 2857 nympharum,
409 2781 510 2856 quibus
522 2800 538 2841 c
551 2782 660 2843 scibant
671 2784 769 2843 umori'
785 2782 889 2843 fluenta

196 2861 305 2922 lubrica
316 2862 445 2942 proluvie
458 2862 536 2942 larga
549 2864 645 2926 lavere
657 2866 748 2926 umida
759 2885 843 2945 sarra,

196 2945 381 3024 arridaeum,
397 2966 485 3027 super
496 2948 576 3009 viridi
589 2949 721 3011 stillantia
734 2969 851 3028 musco,

196 3041 224 3091 et
236 3031 336 3109 partim
346 3031 430 3110 plano
445 3042 557 3094 scatere
569 3045 654 3112 atque
666 3053 816 3114 erumpere
832 3052 941 3115 campo.
997 3102 1000 3106 Α

131 3124 184 3177 950
196 3114 317 3175 necdum
328 3134 376 3176 res
388 3117 446 3194 igni
459 3117 567 3178 scibant
578 3129 699 3179 tractare
711 3137 805 3196 neque
818 3120 857 3178 uti

194 3197 319 3277 pellibus
331 3209 360 3264 et
371 3200 472 3278 spoliis
485 3219 591 3280 corpus
602 3204 709 3263 vestire
720 3203 860 3280 ferarum,

195 3281 247 3342 sed
257 3299 372 3341 nemora
382 3292 466 3362 atque
480 3304 565 3346 cavos
580 3288 682 3346 montis
695 3286 839 3364 silvasque
855 3284 1008 3352 colemus.

194 3374 223 3424 et
235 3364 352 3425 frutices
363 3367 437 3427 inter
449 3369 607 3431 condebant
619 3368 746 3448 squalida
757 3369 899 3445 membra,

193 3447 315 3508 verbera
326 3459 473 3510 ventorum
485 3455 574 3512 vitare
589 3454 743 3532 imbrisque
757 3454 858 3513 coacti.
