2288 3886
52 228 56 233 '
131 243 192 308 nos
607 242 647 304 vu

213 408 343 489 languida
353 410 506 472 semanimo
519 427 581 469 curn
593 427 716 490 oorpore
727 408 851 471 membra
861 409 976 473 videres

213 495 326 555 horrida
337 493 462 573 paedore
478 502 507 553 et
518 495 617 572 pannis
629 503 768 573 oooperta
778 494 892 572 perire,

215 579 229 663 ΙΙ
243 579 372 656 eorporis
385 576 507 654 inluvie,
520 576 590 656 peili
603 596 691 658 super
704 579 818 639 ossibus
829 595 900 655 una,
915 576 929 661 [i

214 661 358 724 ulceribus
369 663 467 722 taetris
479 678 570 739 prope
581 663 635 721 iarn
650 662 785 740 sordique
797 659 918 740 sepulta.
995 668 998 673 '

131 755 200 811 lato
216 747 306 808 omnia
319 744 441 824 denique
454 754 551 806 saneta
563 744 645 805 deum
657 744 773 805 delubra
785 744 912 822 replerat

218 830 386 909 corporibus
396 847 472 890 mors
485 829 620 889 exanimis
633 839 804 908 onerataque
816 832 920 908 passim

215 923 318 975 anneta
329 912 513 973 cadaveribus
527 910 683 974 caelestum
693 912 799 991 templa
807 914 940 991 tenebat,

214 997 374 1076 hospitibus
385 996 449 1056 loca
461 1015 533 1074 quae
546 989 721 1075 corripiemur
730 996 919 1057 aedituentes.

213 1101 269 1144 neo
282 1083 335 1141 iam
346 1081 449 1157 religio
461 1081 555 1140 divom
566 1099 621 1140 neo
632 1084 743 1140 numina
753 1082 846 1156 magui

133 1173 198 1229 1276
215 1164 411 1244 pendebantur
421 1165 510 1224 enim:
521 1181 659 1243 praesens
671 1162 753 1223 dolor
765 1164 962 1242 exsuperabat.

213 1267 268 1310 neo
279 1265 341 1308 mos
353 1246 403 1308 ille
415 1246 580 1325 sepulturae
595 1248 759 1308 remanebat
770 1250 798 1306 in
812 1247 901 1324 urbe,

214 1351 270 1413 quo
282 1334 345 1410 pius
357 1332 404 1391 hio
415 1329 540 1410 populus
553 1349 669 1410 semper
680 1341 832 1392 consuerat
845 1328 966 1392 humari:

213 1417 393 1496 perturbatus
406 1415 480 1476 enim
491 1424 568 1475 totus
581 1413 758 1493 trepidabat,
774 1423 803 1475 ot
814 1433 886 1476 unus

214 1502 333 1578 quisque
346 1515 427 1558 suum
437 1515 490 1577 pro
501 1516 534 1558 re
546 1506 719 1577 conpositam
729 1507 854 1560 maestus
866 1498 1005 1560 humabat.

56 1602 62 1611 ·
132 1593 199 1647 1280
211 1583 353 1660 multaque
365 1600 448 1643 mors
459 1581 551 1641 subita
563 1590 591 1641 et
606 1591 758 1660 paupertas
769 1581 881 1641 horrida
893 1585 997 1644 suasit:
1021 1598 1025 1607 ·

214 1684 334 1745 namque
346 1683 414 1727 suos
427 1666 653 1742 consanguineos
664 1664 754 1726 aliena
763 1683 896 1744 rogorum

215 1753 331 1828 insuper
342 1758 471 1810 extructa
482 1750 589 1826 ingenti
602 1748 725 1810 elamore
736 1748 883 1833 looabant,

215 1834 431 1911 subdebantque
444 1833 541 1910 iaces,
554 1832 642 1892 multo
655 1835 865 1912 consanguine
878 1851 966 1912 saepe

214 1920 339 1978 rixantes
351 1919 445 1996 potius
458 1934 539 1994 quarn
553 1934 674 1994 corpora
687 1916 895 1978 desererentur.
