2310 3892
542 195 566 251 V

137 376 166 426 at
177 365 230 426 uisr
223 366 419 442 purgatumst
430 368 551 439 pectus,
568 379 640 440 quae
651 363 761 441 proelia
772 364 853 424 uobis

137 459 222 528 atque
233 445 362 527 pericula
373 453 459 504 tumst
468 445 584 521 ingratis
596 447 803 507 insinuandum!

83 544 120 597 45
137 541 257 613 quantae
272 539 330 590 tum
341 528 472 589 scindunt
482 527 624 589 homiuem
635 530 803 610 cuppedinis
815 549 898 592 acres

138 615 292 678 sollicitum
306 631 408 689 curae,
422 615 574 692 quantique
588 614 705 692 perinde
717 614 848 676 timores!

138 699 241 780 quidve
254 696 387 777 superbia
398 699 533 775 spurcitia
544 714 577 756 ac
592 695 765 776 petulantia?
780 709 897 778 quantas

137 784 265 845 elliciunt
278 779 389 841 clades!
402 778 468 859 quid
481 780 565 841 luxus
577 778 782 860 desidiaeque?

135 869 208 928 haec
219 867 306 943 igitur
316 865 363 943 qui
375 873 476 924 cuncta
487 866 634 942 subegerit
650 883 687 924 ex
699 868 847 946 animoque

86 966 123 1017 50
138 949 280 1031 expulerit
289 949 390 1024 dictis,
405 964 462 1007 non
472 951 573 1026 armis,
585 966 679 1008 nonne
691 948 806 1010 decebit

135 1037 210 1096 huuc
223 1033 364 1093 hominem
376 1049 492 1091 numero
506 1032 600 1092 divom
613 1032 755 1110 dignarier
768 1031 856 1094 esse?

138 1137 202 1180 cum
212 1119 287 1178 bene
299 1118 468 1195 praesertim
479 1115 564 1176 multa
576 1134 610 1176 ac
625 1117 756 1178 divinitus
768 1119 838 1196 ipsis

136 1200 332 1263 immortalibu'
344 1198 380 1259 dc
395 1199 467 1259 divis
480 1200 547 1260 dare
559 1199 634 1260 dicta
644 1203 733 1261 suerit

137 1296 222 1366 atquc
237 1301 348 1345 omnem
359 1301 453 1343 rerum
465 1291 589 1344 naturam
599 1284 724 1363 paudere
736 1283 828 1345 dictis.

85 1384 121 1436 55
181 1368 269 1430 Cuius
282 1385 339 1446 ego
351 1370 500 1444 ingressus
512 1370 633 1446 vestigia
644 1369 709 1429 durn
721 1369 844 1430 rationes

136 1470 298 1535 persequor
307 1470 341 1512 ao
352 1452 445 1512 doceo
456 1452 554 1529 dictis,
571 1471 628 1531 quo
640 1471 769 1532 quaeque
784 1466 878 1515 creata

137 1538 255 1599 loedere
270 1538 342 1612 sint,
354 1537 382 1595 in
396 1553 431 1595 eo
447 1554 528 1614 quarn
541 1538 577 1596 sit
589 1536 688 1597 durare
700 1556 852 1598 necessum

139 1641 194 1683 uec
205 1620 312 1680 validas
323 1619 435 1680 valeant
445 1623 508 1679 aevi
519 1621 685 1681 rescindere
700 1621 783 1698 leges
794 1625 816 1700 ‚'

138 1723 194 1785 quo
209 1722 317 1782 genere
329 1705 356 1763 iu
369 1706 465 1783 primis
480 1707 561 1764 animi
575 1713 672 1764 natura
681 1716 796 1784 reperta
807 1717 853 1767 est

85 1803 125 1856 <to
142 1791 236 1850 nativo
250 1790 368 1869 primurn
381 1790 540 1849 consistere
552 1807 676 1868 corpore
688 1798 767 1849 oreta

138 1893 193 1934 nec
208 1889 297 1951 posse
308 1872 455 1932 incolumis
467 1890 597 1950 magnum
608 1873 708 1932 durare
720 1890 773 1951 per
785 1889 902 1951 aevom,

138 1957 192 2019 sed
202 1955 350 2017 simulacra
361 1956 456 2016 solere
469 1959 613 2017 insomnis
625 1956 725 2016 fallere
740 1966 878 2035 mentem,

139 2059 259 2103 cernere
275 2058 338 2100 oum
348 2040 493 2100 videamur
507 2059 571 2100 eum
583 2060 667 2120 quem
677 2042 734 2100 vita
744 2040 875 2119 reliquit,

139 2124 216 2205 quod
228 2132 378 2203 superest,
391 2142 465 2184 nuno
478 2123 533 2184 huc
546 2127 660 2186 rationis
674 2124 773 2185 detulit
784 2125 870 2204 ordo,

88 2222 126 2276 65
139 2220 170 2270 ut
181 2208 247 2268 milri
258 2206 370 2267 mortali
380 2212 539 2269 consistere
553 2227 675 2288 corpore
686 2210 817 2269 mundum

139 2295 320 2371 nativomque
334 2291 416 2351 simul
430 2295 501 2352 ratio
514 2293 658 2352 reddunda
669 2296 706 2353 sit
717 2311 800 2359 esse;

139 2387 169 2438 et
183 2378 284 2457 quibus
294 2375 345 2435 ille
358 2374 450 2437 modis
464 2394 637 2454 congressus
647 2378 772 2436 materiai

139 2460 259 2522 fundarit
268 2469 388 2536 terram,
404 2460 529 2539 caelum,
541 2479 634 2538 mare,
647 2460 756 2536 sidera,
770 2459 877 2537 solem,

139 2545 271 2623 lunaique
281 2543 413 2622 globum3
425 2555 482 2604 tum
495 2563 567 2624 quae
579 2544 683 2605 tellure
696 2545 848 2603 animantes

88 2636 127 2692 to
141 2629 301 2705 extiterint,
313 2635 343 2686 et
355 2646 427 2705 quae
443 2627 521 2688 nullo
532 2631 586 2689 sint
600 2638 729 2708 ternpore
740 2638 836 2696 notae;

141 2729 234 2791 quove
245 2674 329 2771 modo
340 2730 432 2788 genus
443 2712 590 2772 humanum
600 2715 726 2773 variante
739 2712 864 2792 loquella

141 2797 271 2874 coeperit
281 2797 355 2854 inter
368 2799 492 2857 senesci
503 2799 677 2875 pernomina
688 2815 796 2865 rerum;

139 2889 169 2939 et
180 2880 281 2964 quibus
293 2877 343 2938 ille
354 2872 443 2940 modis
456 2879 549 2940 divom
559 2890 650 2940 metus
665 2882 808 2941 insinuarit

139 2972 275 3043 pectora,
288 2973 424 3023 terrarum
438 2966 524 3043 quiin
536 2964 597 3024 orbi
609 2973 811 3024 sanctatuetur

88 3055 124 3109 75
139 3047 202 3106 iana
215 3045 295 3107 lacus
310 3045 391 3106 lucos
405 3065 466 3107 aras
478 3049 683 3127 simulacraque
695 3045 797 3106 divom.

139 3139 289 3209 praeterea
300 3129 370 3191 solis
383 3150 482 3192 cursus
495 3130 635 3210 lunaeque
647 3139 755 3190 meatus

140 3212 290 3294 expediam
302 3232 356 3293 qua
369 3218 397 3274 vi
409 3215 505 3276 llectat
515 3225 612 3275 natura
623 3214 798 3292 gubernans;

139 3317 176 3358 ue
187 3299 262 3358 forte
273 3298 344 3358 haec
356 3301 430 3358 iuter
441 3297 551 3360 eaelum
565 3308 725 3376 terramque
737 3314 844 3357 reamur

73 3390 76 3397 ⁴
138 3382 229 3443 libera
243 3392 346 3472 sponte
359 3401 410 3442 sua
422 3402 521 3444 cursus
534 3383 654 3443 lustrare
665 3384 816 3482 perennis,

86 3475 124 3530 80
136 3467 278 3543 morigera
291 3466 326 3527 ad
333 3450 438 3544 fruges
453 3468 596 3571 augendas
609 3476 693 3545 atque
704 3467 865 3544 animantis,
