2288 3886
539 180 579 240 lv

140 347 199 426 illi,
213 349 259 409 cni
269 366 357 409 suave
371 358 434 426 est,
446 347 591 409 levissima
603 365 725 426 corpora
737 348 843 410 debent

144 431 387 494 contractabiliter
400 430 495 493 caulas
509 434 613 493 intrare
624 431 728 511 palati,

143 527 171 578 at
183 525 282 578 contra
296 516 399 596 quibus
410 525 456 577 est
468 515 568 576 eadem
578 534 627 576 ras
639 517 713 577 intus
725 519 846 595 acerba,

74 613 132 667 660
142 619 245 680 aspera
255 647 264 678 ,
276 602 420 678 nimirum,
434 609 584 679 penetrant
595 599 761 678 hamataque
772 601 882 664 lauces.

142 704 216 745 nunc
228 684 315 745 facile
329 693 374 744 est
386 702 423 744 ex
433 684 476 744 his
488 685 576 744 rebus
590 701 771 760 cognoscere
784 705 930 767 quaeqae:

143 771 267 849 quippe,
280 768 328 827 ubi
343 770 388 828 cui
399 767 488 829 febris
501 767 551 828 bili
563 776 716 846 superante
730 779 828 829 coorta
839 782 885 831 est

142 863 190 913 aut
201 853 255 920 alia
266 854 375 913 ratione
390 850 511 932 aliquast
523 854 566 911 vis
579 854 673 911 excita
683 853 792 931 morbi,

141 937 324 1017 perturbatur
336 937 374 997 ibi
386 938 440 996 iarn
452 945 542 996 toturn
557 952 681 1014 corpus,
699 945 728 995 et
740 954 839 999 omnes

73 1032 129 1088 665
143 1029 348 1083 commutantur
357 1020 397 1080 ibi
407 1022 553 1100 positurae
565 1021 783 1099 principiorum

141 1117 172 1168 nt
183 1108 263 1186 prins
274 1104 310 1165 ad
321 1122 438 1166 sensnm
449 1123 523 1184 qnae
535 1121 656 1182 corpora
667 1106 874 1166 conveniebant

143 1209 217 1251 nunc
228 1207 286 1250 non
298 1191 485 1266 conveniant,
498 1197 527 1249 at
541 1197 638 1248 cetera
649 1189 705 1248 sint
716 1190 805 1267 magis
817 1199 899 1269 apta,

145 1293 217 1356 qnae
229 1282 377 1353 penetrata
388 1282 494 1352 queunt
505 1291 621 1334 sensurn
632 1272 808 1351 progignere
819 1274 963 1334 acerbum.

553 1489 569 1520 ἡ

144 1620 263 1690 utraque
275 1611 349 1669 anim
360 1617 425 1670 sunt
436 1610 463 1667 in
474 1609 567 1670 mellis
581 1613 729 1671 commixta
739 1628 858 1691 sapore;

74 1703 131 1760 670
143 1693 171 1754 id
183 1693 261 1773 quod
274 1695 328 1752 iam
340 1710 446 1772 supera
457 1693 508 1753 tibi
524 1712 613 1772 saepe
625 1694 800 1755 ostendimus
811 1705 885 1755 anta.

186 1776 270 1837 Nunc
281 1795 353 1856 age,
366 1794 423 1856 quo
434 1785 520 1855 pacto
532 1779 606 1837 naris
623 1778 750 1840 adiectus
763 1779 859 1839 odoris

144 1871 241 1940 tangat
252 1879 341 1939 agam.
354 1863 474 1941 primum
485 1878 533 1920 res
544 1860 645 1920 multas
657 1879 724 1922 esse
736 1870 889 1923 necessest

143 1945 219 2006 unde
232 1944 324 2006 lluens
336 1945 433 2006 volvat
444 1947 537 2005 vanus
549 1963 582 2005 se
594 1944 696 2005 lluctus
710 1945 844 2022 odorum,

143 2038 172 2092 et
184 2029 274 2090 lluere
286 2039 316 2090 et
327 2031 398 2089 mitti
413 2027 502 2106 volgo
516 2031 670 2108 spargique
682 2029 876 2110 putandumst:

77 2123 131 2180 675
144 2132 242 2175 verum
255 2114 318 2175 aliis
329 2114 401 2174 alins
411 2115 503 2191 magis
517 2122 562 2174 est
574 2115 758 2175 animantibus
769 2125 870 2195 aptus,

145 2198 288 2260 dissimilis
301 2207 420 2277 propter
433 2198 546 2258 formas.
556 2199 681 2277 ideoque
697 2217 751 2279 per
761 2218 842 2260 auras

145 2282 238 2344 mellis
251 2300 322 2361 apes
334 2283 461 2363 quamvis
473 2281 561 2360 longe
572 2282 712 2342 ducuntur
723 2283 829 2360 odore,

144 2366 318 2447 volturiique
330 2366 530 2427 cadaveribus:
545 2376 603 2426 tum
615 2367 682 2426 fissa
693 2365 815 2426 fcrarurn

144 2452 250 2530 ungula
262 2468 319 2530 quo
330 2450 427 2510 tulerit
438 2468 570 2528 gressum
582 2450 721 2528 permissa
732 2468 831 2510 canum
842 2452 885 2511 vis

80 2543 134 2599 680
146 2537 240 2614 ducit,
254 2545 283 2595 ct
293 2534 441 2594 humanum
452 2533 540 2613 longa
551 2536 707 2614 praesentit
720 2534 837 2595 odorem

145 2617 356 2680 Romulidarum
367 2621 441 2680 arcis
455 2628 602 2697 servator,
617 2619 750 2680 candidus
762 2638 854 2681 anser.

146 2706 190 2765 sic
200 2704 264 2765 aliis
277 2702 349 2765 alius
360 2703 443 2763 nidor
454 2703 535 2763 datus
547 2704 581 2763 ad
591 2721 645 2764 sua
657 2722 798 2784 quemque

104 2794 108 2799 ’
144 2788 249 2869 pabula
260 2788 338 2848 ducit
350 2797 379 2847 et
391 2805 407 2847 a
418 2796 493 2848 tetro
507 2788 619 2848 resilire
630 2806 744 2850 veneno

145 2874 241 2951 cogit,
254 2890 348 2952 eoque
360 2871 445 2932 modo
456 2882 605 2933 servantur
616 2873 713 2933 saecla
725 2874 856 2933 ferarum.

81 2964 133 3020 685
187 2955 241 3017 llic
253 2956 325 3017 odor
336 2959 400 3035 ipsc
414 2958 517 3034 igitur,
528 2959 603 3017 naris
616 2958 787 3036 quicumque
798 2957 933 3034 lacessit,

147 3051 192 3101 est
203 3039 259 3101 alio
270 3049 301 3100 ut
313 3042 406 3121 possit
417 3043 541 3119 permitti
555 3039 668 3116 longius
680 3040 766 3101 alter:

146 3124 198 3184 scd
208 3135 302 3186 tamen
313 3124 387 3185 haud
399 3126 546 3204 quisquam
557 3135 613 3184 tam
625 3123 712 3202 longa
724 3125 814 3185 lemur
825 3141 923 3184 corum

147 3227 230 3288 qnam
241 3212 369 3287 sonitus,
383 3227 464 3289 quam
479 3228 552 3286 vox,
564 3211 644 3268 mitto
655 3210 709 3268 iarn
722 3207 820 3268 dicare
833 3225 916 3287 quam
927 3227 975 3270 res

147 3311 220 3372 quae
233 3293 337 3354 feriunt
349 3293 497 3353 oculorum
508 3295 586 3354 acies
597 3295 746 3372 visumque
757 3292 912 3354 lacessunt.

82 3385 135 3440 690
146 3378 321 3439 errabundos
334 3380 408 3438 enirn
418 3378 498 3439 tarde
512 3379 606 3455 venit,
618 3394 653 3437 ac
666 3379 740 3455 perit
752 3386 817 3437 ante

147 3460 282 3542 paulatim
295 3461 388 3523 facilis
400 3462 551 3524 distractus
563 3464 592 3521 in
602 3463 678 3523 aeris
689 3479 787 3532 auras3
