2288 3886
132 192 193 258 144
618 188 644 246 V

214 368 333 439 propter
343 356 471 435 signiferi
485 354 639 432 posituram
649 354 735 414 totius
747 353 826 429 orbis

149 452 201 509 690
214 443 338 520 obliqui,
350 450 441 501 terras
453 445 482 498 et
496 437 605 498 caelum
616 435 720 497 lumine
732 436 855 497 lustrans

214 544 303 586 annua
315 523 360 585 sol
371 526 400 584 in
412 540 468 602 quo
484 520 627 583 concludit
638 529 766 600 tempora
778 537 915 599 serpens,

214 620 244 670 nt
255 610 326 669 ratio
338 605 463 669 declarat
474 623 572 666 corum
584 605 630 683 qui
644 603 709 665 loca
722 601 795 664 caeli

215 694 306 754 omnia
318 692 463 770 dispositis
474 691 563 766 signis
575 698 671 749 ornata
682 695 822 748 notarunt.

214 786 261 836 aut
274 778 337 854 quia
352 776 475 835 crassior
487 781 532 833 est
545 773 631 833 certis
643 773 673 832 in
685 772 812 850 partibus
824 777 891 848 adr,

150 870 201 927 695
216 861 269 922 sub
281 860 364 920 terris
375 858 440 918 idco
453 855 601 917 tremulum
611 856 690 917 iubar
700 854 821 916 haesitat
831 856 905 933 ignis

214 963 269 1004 nec
282 952 433 1022 penetmre
443 949 540 1019 potest
553 937 638 1000 facile
649 949 733 1018 atque
748 956 898 1016 emergere
908 938 945 999 ad
956 949 1053 1006 ortus:

214 1037 368 1108 propterea
378 1034 480 1086 noctes
493 1023 611 1084 bibemo
625 1032 754 1103 tempore
765 1021 869 1100 longae

216 1120 347 1188 cessant,
363 1108 428 1169 dum
439 1110 533 1169 veniat
544 1106 678 1167 radiatum
689 1108 800 1183 insigne
814 1104 879 1166 diei.

215 1205 262 1256 aut
278 1195 378 1270 etiam,
394 1194 458 1271 quia
470 1193 513 1252 sic
524 1189 639 1252 alternis
651 1191 778 1269 partibus
792 1189 856 1250 anni

153 1287 204 1343 700
214 1279 319 1340 tardius
332 1287 361 1337 et
377 1278 458 1336 citius
476 1283 647 1335 consuerunt
659 1274 804 1333 coulluere
815 1275 917 1351 ignee,

215 1364 263 1443 qui
278 1361 383 1422 faciunt
394 1358 485 1419 solem
501 1368 578 1420 certa
591 1357 746 1434 desurgere
758 1366 838 1436 parte

216 1454 370 1525 propterea
383 1443 412 1502 lit
424 1443 463 1502 uti
475 1441 621 1501 videantur
632 1441 729 1501 dicere
740 1457 846 1501 verum.

258 1527 333 1586 Luna
344 1535 441 1604 potest
455 1523 525 1585 solis
539 1525 623 1585 radiis
633 1542 771 1602 percussa
784 1525 892 1602 nitere,

216 1614 301 1689 inque
316 1609 377 1669 dies
391 1610 480 1685 magis
492 1609 525 1667 id
536 1606 630 1667 lamen
641 1618 810 1669 convertere
821 1607 904 1668 nobis

154 1703 205 1759 705
217 1694 253 1755 ad
263 1694 407 1772 speciem,
420 1700 550 1770 quantum
565 1690 634 1752 solis
647 1691 758 1753 secedit
772 1691 898 1769 abochi,

217 1779 339 1856 donique
355 1795 418 1838 eum
432 1786 528 1837 contra
539 1775 625 1854 pleno
638 1776 711 1836 bene
723 1774 826 1836 lumine
837 1774 916 1836 fulsit

216 1872 302 1940 atque
314 1862 409 1921 oriens
421 1861 514 1920 obitus
529 1862 590 1920 eins
603 1878 690 1938 super
700 1858 775 1920 edita
785 1859 869 1920 vidit:

216 1945 281 2006 inde
292 1945 444 2005 minutatim
456 1953 533 2004 retro
548 1945 627 2022 quasi
639 1942 763 2004 condere
775 1942 869 2002 lumen

218 2029 303 2089 debet
318 2029 401 2104 item,
414 2036 517 2105 quanto
530 2028 647 2106 propius
661 2028 715 2086 iam
726 2025 796 2087 solis
808 2025 843 2086 ad
855 2027 950 2104 ignem

155 2120 206 2176 710
218 2111 320 2170 labitur
331 2129 369 2169 cx
382 2109 435 2169 alia
447 2112 591 2186 signorum
602 2120 682 2188 parte
694 2129 749 2191 per
759 2110 872 2180 orbem;

217 2204 247 2254 nt
261 2194 383 2271 iaciunt,
395 2192 488 2253 lunam
500 2195 547 2272 qni
559 2195 665 2272 lingunt
676 2213 744 2255 esse
755 2194 822 2273 pilai

217 2276 393 2340 consimilem
405 2295 563 2356 cursusque
574 2278 648 2338 viam
659 2279 712 2339 sub
727 2276 790 2339 sole
800 2286 910 2338 tenere.

217 2372 262 2422 est
274 2362 357 2421 etiam
368 2379 454 2440 quare
466 2363 582 2440 proprio
594 2381 657 2422 cum
669 2361 772 2423 lumine
784 2363 875 2440 possit

216 2445 328 2506 volvier
338 2454 367 2505 et
381 2447 473 2506 varias
486 2445 647 2523 splendoris
663 2445 784 2506 reddere
796 2445 915 2506 formas:

154 2537 204 2596 715
216 2547 320 2607 corpus
332 2531 405 2588 enim
418 2528 486 2589 licet
498 2549 566 2591 esse
579 2529 669 2607 aliud,
687 2529 763 2608 quod
774 2529 863 2590 lemur
877 2536 906 2588 et
917 2547 971 2592 une

217 2611 319 2671 labitur
332 2612 496 2673 omnimodis
510 2631 663 2674 occursans
675 2612 880 2693 ciliciamque,

217 2713 272 2754 uec
283 2696 358 2772 potis
369 2704 416 2755 est
430 2698 524 2774 cerni,
540 2699 603 2774 quia
616 2715 728 2758 cassum
739 2695 844 2757 lumine
855 2696 954 2757 lentur.

216 2779 381 2855 versarique
393 2787 505 2857 potest,
517 2779 621 2858 globus
637 2790 667 2840 ut
678 2783 714 2841 sit
731 2780 806 2841 forte
818 2779 885 2859 pilai

217 2859 327 2921 dimidia
338 2880 376 2921 ex
388 2864 460 2942 parti
473 2864 601 2924 candenti
612 2863 715 2924 lumine
723 2866 848 2942 tinctos,

154 2952 205 3008 tao
215 2944 413 3024 versandoque
425 2945 542 3024 globum
552 2949 684 3008 variantis
697 2947 784 3008 edere
798 2948 920 3026 formas,

217 3029 338 3108 donique
351 3040 548 3109 campartem,
565 3049 760 3110 quaecumque
774 3041 819 3094 cst
829 3031 942 3110 ignibus
954 3042 1052 3111 aucta,

215 3112 251 3172 ad
262 3114 389 3192 speciem
401 3116 486 3175 vertit
497 3115 579 3177 nobis
591 3113 750 3194 oculosque
762 3117 901 3196 patentis:

216 3195 281 3255 iude
291 3199 444 3258 minutatim
457 3209 534 3260 retro
547 3208 716 3278 contorquet
728 3209 757 3260 et
767 3199 859 3260 aufert

216 3278 363 3340 luciferam
375 3292 481 3359 partem
496 3282 703 3361 glomeraminis
717 3294 801 3362 atque
816 3283 896 3363 pilai;

154 3370 204 3424 725
216 3372 246 3422 ut
257 3363 430 3438 Babylonica
441 3363 613 3428 Chaldaeum
624 3368 749 3428 doctriua
759 3367 886 3428 refutans

215 3445 423 3526 astrologorum
434 3460 522 3510 artem
535 3459 632 3511 coutm
644 3453 815 3512 convincere
827 3450 934 3532 tendit,
