2288 3886
581 224 619 284 lll

182 399 348 461 consentire
359 399 477 458 animum
489 399 570 458 nobis
582 401 608 456 in
622 416 743 478 corpore
757 403 858 461 cernis.

153 496 168 548 t
181 485 207 544 si
219 486 310 543 minus
324 481 442 542 offendit
452 485 535 541 vitam
547 485 589 542 vis
601 482 712 544 horrida
724 483 773 544 teli

183 568 299 628 ossibus
312 585 346 626 ac
358 568 454 626 nervis
465 564 598 626 disclusis
613 568 688 626 intus
700 567 814 645 adacta,

183 661 210 712 at
222 659 316 712 tamen
328 651 485 727 insequitur
496 648 615 727 languor
626 660 778 728 terraeque
788 652 912 730 petitus,

184 753 288 796 saevus
301 743 330 794 et
342 734 367 791 in
380 743 455 793 terra
466 734 568 793 mentis
580 736 627 812 qni
639 735 763 811 gignitur
774 744 885 813 aestus,

182 816 381 894 interdumque
397 818 475 894 quasi
489 815 644 893 exurgendi
656 819 763 877 incerta
774 817 912 878 voluntas.

123 913 169 968 1⁷5
186 920 258 980 ergo
274 917 441 979 corpoream
451 908 575 959 naturam
584 902 665 960 animi
677 919 744 960 esse
756 912 924 980 necessest,

184 986 333 1064 corporeis
347 985 477 1061 quoniam
488 982 554 1043 telis
566 984 682 1061 ictuque
694 983 810 1044 laborat.

226 1067 255 1130 ls
267 1069 317 1127 tibi
329 1084 403 1127 nunc
415 1068 521 1126 animus
533 1067 607 1144 quali
619 1070 655 1127 sit
667 1085 790 1145 corpore
803 1078 831 1128 et
842 1069 916 1127 unde

185 1153 344 1214 constiterit
356 1168 473 1230 pergam
487 1153 623 1209 rationem
637 1150 757 1210 reddere
771 1150 862 1211 dictis.

183 1236 323 1316 principio
335 1253 402 1295 esse
415 1234 459 1293 aio
472 1233 657 1312 persuptilem
670 1242 754 1312 atque
769 1236 880 1295 minutis

115 1330 172 1385 leo
182 1337 317 1400 perquam
331 1317 499 1396 corporibus
511 1318 613 1377 iactum
626 1327 765 1379 constare.
778 1317 807 1377 id
818 1320 855 1378 ita
867 1337 934 1379 esse

183 1404 250 1463 lrinc
263 1402 331 1460 licet
342 1400 473 1461 advertas
485 1402 602 1459 animum
615 1411 644 1461 ut
655 1419 830 1480 pernoscere
842 1405 947 1481 possis.

183 1486 221 1547 nil
236 1485 309 1546 adeo
321 1485 381 1543 lieri
394 1482 483 1543 celeri
495 1485 602 1544 ratione
614 1484 740 1564 videtur,

184 1587 268 1648 quam
279 1569 333 1629 sibi
344 1586 424 1627 mens
438 1568 498 1628 lieri
510 1571 643 1647 proponit
655 1578 684 1630 et
694 1569 807 1630 inchoat
820 1573 896 1649 ipsa:

183 1655 265 1715 ocius
276 1670 348 1730 ergo
362 1654 468 1712 animus
485 1670 567 1730 quam
579 1671 625 1713 res
640 1673 673 1714 se
685 1656 797 1732 perciet
809 1654 882 1731 ulla,

114 1749 169 1803 185
181 1746 246 1798 ante
260 1735 360 1796 oculos
372 1754 490 1814 quornm
503 1739 531 1797 in
546 1747 677 1816 promptu
687 1747 785 1796 natura
796 1738 922 1798 videtur:

180 1831 210 1882 at
222 1819 297 1900 quod
309 1820 413 1880 mobile
424 1829 502 1881 tanto
514 1830 648 1898 operest,
662 1829 793 1879 constare
804 1821 931 1881 rutundis

180 1922 318 1986 perquam
330 1905 484 1964 seminibus
495 1903 581 1963 debet
593 1920 786 1982 perquamque
799 1905 926 1979 minutis,

181 1991 303 2050 momine
314 1990 353 2047 uti
365 2005 453 2066 parvo
467 1990 578 2066 possint
590 1987 699 2066 inpulsa
710 1988 827 2047 moveri.

181 2091 303 2151 namque
313 2081 443 2132 movetur
452 2090 523 2150 aqua
534 2082 563 2132 et
577 2071 687 2133 tantillo
699 2074 819 2133 momine
832 2071 928 2149 llutat,

114 2169 171 2223 190
182 2158 290 2236 quippe
300 2154 473 2216 volubilibus
485 2159 637 2236 parvisque
650 2168 744 2218 creata
756 2159 863 2237 liguris.

181 2251 210 2302 at
224 2249 321 2301 contra
332 2238 425 2300 mellis
441 2243 614 2300 constantior
625 2251 669 2302 est
680 2252 775 2302 natura

183 2335 213 2386 et
224 2326 297 2404 pigri
309 2322 409 2383 latices
421 2326 509 2401 magis
522 2334 551 2385 et
563 2328 738 2385 cunctantior
753 2335 847 2385 actus:

181 2410 281 2470 baeret
292 2408 365 2468 enim
378 2409 452 2467 inter
463 2426 496 2467 se
507 2410 596 2485 magis
609 2410 698 2468 omnis
709 2409 834 2466 materiai

184 2494 283 2572 copia,
294 2492 436 2568 nimirum,
450 2494 581 2568 quianon
594 2502 648 2552 tam
658 2489 769 2550 levibus
782 2498 858 2550 extat

116 2586 170 2641 195
181 2576 349 2655 corporibus
361 2592 455 2650 neque
470 2586 526 2635 tam
537 2574 687 2654 suptilibus
699 2583 784 2651 atque
796 2572 932 2634 rutundis.

181 2677 302 2737 namque
316 2660 467 2737 papaveris
482 2677 548 2719 aura
560 2668 657 2738 potest
669 2677 807 2737 suspensa
819 2656 951 2738 levisque

183 2761 291 2821 cogere
302 2751 333 2802 nt
343 2742 378 2801 ab
393 2759 501 2802 summo
513 2743 564 2802 tibi
577 2742 683 2803 dilduat
698 2742 771 2804 altus
784 2761 921 2820 acervos,

182 2835 211 2886 at
224 2836 321 2887 contra
335 2823 459 2903 lapidum
471 2824 631 2885 conlectum
648 2825 749 2887 Gauru’
763 2844 879 2887 movere

182 2927 275 2971 noenu
288 2918 393 2988 potest.
411 2911 496 2985 igitar
507 2912 672 2988 parvissima
685 2928 804 2990 corpora
815 2928 868 2989 pro
884 2929 967 2988 quam

113 3005 171 3060 ²00
181 3003 212 3055 et
223 2993 367 3054 levissima
381 3002 462 3069 sunt,
475 2994 511 3052 ita
523 2994 677 3054 mobilitate
688 2994 830 3055 fruuntur:

182 3085 321 3139 utcontra
334 3094 407 3153 quae
420 3093 540 3152 cumque
551 3079 639 3154 magis
653 3096 715 3136 cum
727 3077 854 3156 pondere
866 3096 967 3155 magno

184 3178 343 3241 asperaque
355 3161 549 3237 inveniuntur,
563 3177 599 3220 eo
613 3159 734 3221 stabilita
747 3164 835 3238 magis
848 3170 920 3221 sunt.

180 3263 256 3306 nunc
266 3246 352 3322 igitur
364 3244 492 3320 qnoniam
508 3253 553 3304 est
563 3246 644 3303 animi
655 3253 750 3304 natura
765 3256 878 3323 reporta

179 3328 293 3391 mobilis
305 3326 443 3406 egregie,
458 3344 594 3405 perquam
612 3336 742 3388 constare
757 3340 909 3389 necessest
946 3338 950 3345 '

49 3433 50 3495 1
113 3426 169 3482 205
183 3412 353 3494 corporibus
366 3412 460 3489 parvis
472 3421 502 3472 et
512 3411 624 3472 levibus
637 3420 722 3490 atque
734 3411 872 3473 rutundis.

182 3516 254 3579 qnae
267 3496 319 3558 tibi
331 3495 443 3572 cognita
457 3514 505 3556 res
516 3497 543 3555 in
554 3494 664 3573 multis,
681 3513 699 3555 o
713 3498 805 3573 bone,
818 3498 926 3614 r⁰b¹¹r⁸s

883 3601 902 3641 u
