2288 3886
542 177 583 239 lll

150 367 216 411 curn
226 347 363 425 redeunt,
377 347 510 426 fetusque
522 345 615 407 ferunt
627 350 778 430 variosque
790 349 923 428 lepores,

58 447 134 499 1005
148 453 205 494 nec
217 441 311 493 tamen
323 431 473 510 explemur
483 432 550 490 vitai
561 431 699 494 fructibus
711 451 858 512 umquam,

149 517 225 593 boc,
237 525 267 576 ut
281 517 399 593 opinor,
412 513 513 591 idest,
525 532 597 576 aevo
609 515 729 578 llorente
740 517 851 596 puellas

150 600 226 681 qnod
238 607 392 661 memorant
403 597 517 658 laticem
528 608 674 677 pertusum
686 618 844 679 congerere
857 601 886 660 in
896 620 964 681 vas,

150 684 227 766 quod
238 693 332 744 tamen
344 681 456 762 expleri
468 681 543 741 nulla
552 685 660 744 ratione
677 694 813 762 potestur.

152 768 297 830 Cerberus
311 777 340 828 11
354 766 455 826 Furiae
467 767 520 824 iarn
530 784 618 843 vero,
630 775 659 827 et
670 767 743 829 lucis
755 787 864 847 egenus

60 866 134 919 1010
151 853 282 914 Tartarus
294 850 450 910 horriferos
463 859 594 911 eructans
606 851 735 914 faucibus
747 863 860 929 aestus,

150 933 237 1016 quid?
248 953 342 1013 neque
354 944 418 995 sunt
430 950 547 1012 usquam
557 953 612 995 nec
623 946 743 1014 possunt
755 956 822 998 esse
833 936 983 1015 profecto:

150 1021 203 1082 sed
213 1028 305 1079 metus
316 1020 344 1078 in
355 1021 412 1078 vita
422 1035 577 1096 poenarum
588 1036 641 1097 pro
652 1019 724 1081 male
736 1021 818 1080 lactis

151 1114 196 1166 est
207 1103 367 1181 insignibus
380 1103 514 1180 insignis,
527 1101 706 1182 scelerisque
719 1103 821 1182 luella,

149 1197 289 1250 carcerat
303 1186 447 1247 horribilis
461 1185 497 1244 de
508 1203 577 1246 saxo
588 1187 671 1246 iactu’
684 1187 833 1264 deorsum,

62 1284 133 1339 1015
149 1273 289 1348 verbera,
303 1271 468 1348 carnifices,
481 1270 585 1348 robur,
598 1271 663 1349 pix,
677 1271 819 1350 lammina,
832 1271 947 1342 taedae3

149 1375 222 1436 quae
237 1356 397 1415 tamenetsi
411 1354 528 1430 absunt,
541 1364 568 1414 at
579 1373 658 1416 mens
670 1357 741 1434 sibi,
756 1357 871 1416 conscia
882 1356 983 1437 lactis,

148 1447 348 1520 praemetuens
360 1437 474 1498 adhibet
485 1437 614 1498 stimulos
626 1449 772 1519 terretque
784 1438 922 1519 llagellis,

149 1543 205 1585 nec
216 1522 293 1583 videt
304 1525 412 1583 interea
424 1524 472 1599 qui
483 1525 618 1584 terminus
634 1543 700 1586 esse
714 1525 850 1585 malorum

148 1609 242 1688 possit
253 1625 307 1690 pec
322 1625 394 1685 quae
407 1607 443 1666 sit
457 1624 610 1685 poenarum
621 1607 743 1688 denique
758 1609 836 1688 linis,

63 1705 133 1757 1020
149 1703 235 1771 atque
248 1690 347 1751 eadem
357 1691 455 1751 metuit
466 1692 555 1767 magis
564 1689 636 1751 haec
647 1710 683 1753 ne
695 1695 723 1752 in
735 1703 826 1754 morte
838 1705 1016 1771 gravescunt.

147 1776 196 1836 hic
206 1774 365 1835 Acherusia
377 1775 406 1834 iit
418 1773 567 1835 stultorum
578 1773 700 1852 denique
710 1778 776 1837 1111.

189 1859 253 1919 Hoc
264 1861 346 1918 etiam
357 1859 407 1919 tibi
418 1867 478 1917 tute
489 1857 627 1917 interdum
638 1858 735 1918 dicere
746 1861 851 1937 possis.

152 1936 269 2003 ‘lumina
280 1944 319 2003 sis
331 1941 423 2003 oculis
440 1943 522 2000 etiam
536 1940 626 2002 bonus
637 1941 728 2001 Anou'
739 1943 870 2022 reliquit,

148 2030 196 2107 qui
207 2027 308 2087 melior
319 2025 412 2086 multis
426 2043 508 2104 quam
519 2034 548 2085 tu
559 2025 627 2104 luit,
639 2027 784 2106 improbe,
797 2028 893 2090 rebus.

61 2125 131 2178 1025
147 2113 213 2173 inde
225 2110 271 2170 alii
282 2110 360 2170 multi
372 2129 458 2187 reges
470 2127 622 2188 rerumque
633 2120 767 2189 potentes

149 2195 332 2271 occiderunt,
345 2195 453 2271 magnis
466 2196 512 2272 qui
524 2195 656 2271 gentibus
668 2198 869 2276 imperitarunt.

147 2280 199 2340 ille
210 2296 324 2358 quoque
335 2280 416 2357 ipse,
426 2280 499 2337 viam
512 2281 559 2357 qui
571 2279 710 2357 quondam
722 2298 776 2359 per
786 2299 862 2341 mare
874 2300 1004 2359 magnum

148 2365 247 2425 stravit
257 2365 368 2440 iterque
381 2360 458 2423 dedit
468 2361 628 2439 legionibus
640 2365 681 2422 ire
693 2381 746 2442 per
756 2363 842 2422 altum

147 2467 182 2509 ac
192 2445 314 2526 pedibus
327 2446 416 2506 salsas
428 2446 524 2507 docuit
535 2448 664 2525 superine
676 2445 793 2506 lucunas

62 2541 132 2596 1030
148 2541 177 2592 et
190 2533 340 2591 contemsit
351 2533 432 2609 equis
445 2530 579 2591 insultans
591 2547 730 2589 murmura
742 2531 836 2609 ponti,

146 2614 251 2675 lumine
262 2615 393 2693 adempto
404 2617 520 2674 animam
531 2613 697 2675 moribundo
709 2631 832 2693 corpore
844 2612 922 2676 fudit.

148 2699 311 2779 Scipiadas,
324 2697 394 2759 belli
406 2697 529 2775 fulmen,
545 2696 721 2777 Carthaginis
733 2698 849 2778 horror,

148 2801 215 2844 ossa
226 2782 303 2843 dedit
313 2791 407 2843 terrae
418 2783 536 2861 proinde
548 2801 582 2843 ac
593 2783 677 2843 famul
688 2785 797 2844 inlimus
810 2794 897 2845 esset.

147 2865 219 2926 adde
229 2876 395 2945 repertores
407 2866 594 2926 doctrinarum
605 2877 690 2946 atque
703 2867 847 2947 leporum,

63 2959 131 3014 10115
147 2949 219 3009 adde
231 2949 443 3010 Heliconiadum
455 2952 587 3020 comitem
600 2968 717 3029 quorum
729 2971 800 3012 unus
811 2951 951 3012 Homerus

147 3043 263 3112 sceptra
273 3036 379 3113 potitus
391 3033 490 3093 eadem
500 3033 562 3095 aliis
576 3036 679 3113 sopitu'
692 3038 825 3114 quietest.

148 3118 270 3196 denique
281 3117 474 3179 Democritum
485 3128 634 3197 postquam
644 3128 749 3179 matura
760 3127 887 3180 vetustas

146 3200 287 3264 admonuit
296 3220 438 3263 memores
449 3211 541 3263 motus
552 3202 741 3280 languescere
752 3205 871 3279 mentis,

147 3296 251 3365 sponte
261 3305 312 3347 sua
322 3286 382 3348 leto
397 3295 480 3366 caput
496 3287 595 3346 obvius
612 3286 714 3364 optulit
726 3288 799 3364 ipse.

60 3377 132 3431 1040
145 3370 210 3448 ipse
222 3369 364 3450 Epicurus
376 3372 407 3430 iit
418 3370 541 3431 decurso
554 3369 658 3429 lumine
670 3373 761 3448 vitae,

147 3455 193 3532 qui
208 3472 299 3532 genus
313 3454 583 3533 humanumlngeuio
594 3457 738 3534 superavit
753 3463 782 3516 et
793 3456 882 3517 omnis
