2288 3886
613 129 627 192 1

201 313 266 357 oum
281 293 493 374 conduxerunt,
506 297 605 374 patelit
616 295 692 375 quod
705 313 826 373 eumque
842 304 973 377 creatur,

201 379 267 439 dum
279 388 466 458 tempestates
476 379 577 441 adsunt
588 390 617 441 et
630 380 723 440 vivida
732 377 817 439 tellus

200 473 261 525 tuto
274 481 322 524 res
333 472 448 524 teneras
460 464 544 527 effert
555 466 583 524 iu
594 462 705 525 luminis
717 459 802 523 oras?

138 554 191 612 180
205 547 282 626 quod
293 549 317 607 si
331 546 366 608 ds
377 545 436 607 uilo
447 548 563 626 fierent,
578 547 671 608 subito
684 554 870 608 exorerentur

201 633 312 693 inserto
324 633 416 710 spatio
428 641 513 711 atque
525 631 625 693 alienis
635 632 762 711 partibus
773 631 851 699 auui;

202 715 308 795 quippe
320 715 369 775 ubi
379 713 455 775 nulla
465 716 560 776 ioreut
570 715 736 795 primordia,
751 732 824 794 quae
839 713 955 792 genitali

202 797 327 860 coneilio
340 808 460 878 possent
471 803 563 860 aroeri
576 809 705 879 tempore
720 801 825 877 iniquo.

201 901 258 943 noe
271 900 358 962 porro
369 883 506 961 augendis
517 885 604 946 rebus
616 886 708 962 spatio
723 885 798 944 iorot
811 900 895 960 usus,

138 974 189 1031 185
204 968 318 1028 seminis
330 967 366 1027 ad
378 969 500 1046 coitum,
517 969 542 1029 si
553 987 570 1028 e
582 966 640 1028 uilo
652 985 788 1029 erescere
799 976 919 1046 possent

201 1068 264 1112 nam
276 1051 376 1112 fierent
387 1052 506 1112 iuvenes
518 1052 612 1113 subito
624 1069 662 1112 ex
671 1051 817 1111 infantibu'
829 1053 941 1129 parvis,

202 1156 220 1197 e
230 1144 363 1214 terraque
376 1146 475 1197 exorta
486 1154 537 1216 rep
543 1145 609 1196 ente
620 1136 733 1197 arbusta
745 1134 869 1196 salirent.

202 1236 321 1299 quornm
334 1218 373 1278 nil
386 1220 446 1278 lieri
457 1220 635 1281 manifestum
650 1228 712 1298 est,
729 1220 819 1279 omnia
830 1218 941 1298 quando

201 1303 335 1383 paulatim
347 1313 497 1381 oresouut,
510 1312 540 1363 ut
556 1321 607 1381 par
618 1313 663 1363 est
674 1306 782 1363 semine
795 1312 875 1363 corto

136 1395 189 1450 190
204 1404 357 1462 creseere,
375 1404 481 1465 resque
492 1404 584 1464 genus
596 1396 725 1457 serrant;
741 1396 771 1446 ut
781 1403 904 1446 noscere
916 1387 1013 1466 possis

202 1471 326 1549 quiaque
339 1487 389 1530 sua
400 1469 436 1530 ds
452 1472 568 1531 materia
581 1469 774 1548 grandescere
786 1469 890 1548 alique.

200 1553 257 1615 buo
268 1553 381 1614 assedit
391 1555 431 1615 nti
443 1556 504 1615 sine
521 1555 606 1615 sertis
618 1554 753 1614 imbribus
768 1555 831 1614 anni

201 1637 342 1698 laetificos
355 1648 478 1717 nequeat
490 1639 566 1699 letus
580 1638 746 1700 submittere
758 1636 861 1714 tellus,

200 1740 257 1783 nee
271 1738 358 1802 porro
370 1732 483 1783 secreta
496 1723 560 1783 eibo
569 1733 667 1783 natura
678 1723 843 1782 animantum

138 1815 190 1870 195
203 1823 364 1887 propagare
374 1825 465 1885 genus
477 1809 570 1887 possit
584 1809 726 1886 vitamque
736 1807 825 1874 tuori3

201 1900 231 1952 ut
246 1893 341 1971 potius
358 1890 452 1953 multis
466 1893 621 1952 eommunia
633 1908 754 1970 corpora
765 1891 852 1950 rebus

200 1975 287 2036 multa
296 1983 382 2054 potas
397 1995 482 2052 essa,
495 1986 525 2036 ut
540 1976 637 2036 verbis
650 1973 792 2034 elementa
805 1972 950 2051 videmus,

202 2076 285 2136 quam
296 2059 357 2118 siue
367 2059 513 2137 principiis
525 2056 611 2119 ullam
620 2076 680 2118 rem
692 2059 817 2118 existere
828 2074 926 2135 posse.

201 2140 324 2220 denique
337 2160 388 2201 our
398 2141 526 2203 homines
537 2150 630 2203 tantos
640 2149 738 2201 natura
749 2159 848 2220 parare

137 2235 190 2289 200
204 2242 261 2285 non
271 2226 381 2304 potuit,
393 2225 515 2306 pedibus
528 2228 576 2305 qui
587 2235 703 2306 pontum
714 2243 768 2305 por
778 2225 850 2284 vada
861 2233 982 2305 possent

200 2311 320 2371 transim
333 2319 362 2370 et
373 2327 490 2389 magnos
501 2311 629 2371 manibus
642 2309 781 2372 divellere
796 2311 898 2370 montis

200 2393 344 2473 multaque
355 2395 479 2455 vivendo
491 2394 586 2456 vitalia
597 2396 715 2457 vinoera
729 2394 842 2471 saecla,

201 2480 225 2539 si
237 2495 310 2557 non,
322 2481 453 2540 materies
465 2481 530 2557 quia
546 2480 633 2539 rebus
644 2479 753 2540 reddita
765 2487 871 2540 certast

201 2561 369 2640 gignundis,
382 2581 399 2622 e
411 2579 465 2640 qua
482 2569 592 2622 constat
604 2561 670 2640 quid
681 2564 774 2641 possit
785 2559 871 2621 oriri?

137 2655 189 2708 205
204 2643 243 2703 nil
255 2646 340 2722 igitur
351 2645 413 2703 lisri
425 2644 461 2703 de
473 2643 531 2704 nilo
543 2661 632 2724 posse
644 2644 831 2721 fatendumst,

201 2730 309 2789 semine
325 2726 435 2807 mando
448 2746 520 2808 opus
537 2738 582 2790 est
592 2730 696 2809 rebus,
715 2747 771 2808 quo
785 2747 915 2808 quaeque
932 2739 1033 2791 ereata

201 2813 276 2872 atris
286 2815 315 2872 iu
325 2821 439 2875 teneras
450 2815 562 2894 possint
572 2813 728 2893 proferrier
739 2832 829 2878 auras.

200 2905 348 2976 postremo
360 2899 490 2976 quoniam
500 2896 614 2958 incultis
626 2908 773 2977 pmestars
783 2898 912 2959 uidemus
937 2916 939 2923 ’

200 2979 276 3040 oulta
286 2979 352 3040 looa
366 2991 395 3042 et
406 2983 533 3043 manibus
543 2981 668 3042 melioris
680 2981 801 3042 reddere
816 2981 909 3060 letus,

133 3073 187 3127 alo
204 3083 271 3125 esse
283 3063 420 3126 videlieet
432 3067 461 3125 in
471 3068 555 3126 terris
566 3065 717 3146 primordia
727 3083 837 3142 rerum,

202 3166 274 3227 quae
286 3166 340 3209 nos
351 3148 489 3210 ineundas
500 3158 646 3211 vertentes
658 3167 774 3210 vomere
786 3149 887 3228 glebas

201 3234 344 3312 terraique
356 3231 449 3293 solum
461 3233 628 3311 subigentes
641 3236 729 3295 cimus
740 3234 776 3295 ad
787 3243 881 3296 ortus:

202 3315 279 3394 quod
292 3319 316 3376 si
327 3316 404 3377 nulla
416 3317 527 3394 forent,
539 3327 638 3379 nostro
650 3321 712 3380 sine
724 3337 854 3398 quaeque
865 3317 965 3379 labore

201 3409 306 3479 sponte
317 3418 367 3462 sua
381 3397 469 3461 multo
480 3400 542 3460 lisri
556 3400 674 3462 meliora
682 3401 806 3464 rideres.
