2288 3886
291 560 328 654 f.
366 559 622 656 nbutbrl
658 562 802 655 ddlll

124 728 217 907 qu
276 686 966 849 runuu'urrurr

364 914 507 997 bfflllll
533 913 726 997 Plttrrtlt.

130 1182 301 1293 demendum
312 1232 459 1307 genetrix,
478 1229 619 1289 hominum
631 1231 783 1311 divomque
793 1232 944 1314 voluptas,

130 1312 202 1375 alma
212 1313 327 1390 Venus,
341 1313 414 1374 caeli
426 1312 657 1375 subterlabentia
668 1318 749 1393 signa

132 1414 203 1475 quee
214 1415 291 1457 mare
302 1399 483 1474 navigerum,
501 1415 573 1476 quac
584 1408 675 1459 terras
687 1399 882 1478 frugiferentis

133 1480 336 1556 concelebras,
349 1499 403 1559 per
415 1490 444 1542 te
456 1484 585 1560 quoniam
597 1501 688 1560 genus
701 1501 783 1544 omne
795 1487 961 1549 animantum

16 1596 20 1605 ·
101 1578 119 1626 ὁ
134 1565 294 1644 concipitur
303 1566 428 1643 visitque
440 1575 568 1625 exortum
579 1566 681 1626 lumina
695 1567 775 1628 solis.

132 1656 177 1724 te,
191 1646 262 1725 dea,
273 1657 303 1708 te
315 1647 425 1726 fugiunt
437 1651 530 1726 venti,
543 1660 572 1708 te
587 1650 681 1710 nubila
694 1651 766 1711 caeli

131 1730 338 1809 adventumque
351 1741 445 1807 tuum,
464 1733 514 1791 tibi
526 1734 620 1792 suavis
632 1734 748 1794 daedala
760 1734 846 1795 tellus

131 1816 277 1875 summittit
288 1814 393 1892 flores,
412 1815 462 1875 tibi
472 1814 563 1874 rident
574 1833 698 1893 aequora
709 1821 788 1894 ponti

132 1897 330 1976 placatumque
341 1900 411 1959 nitet
423 1898 525 1958 diffuso
537 1898 640 1959 lumine
652 1898 770 1960 caelum,

83 1995 118 2044 ιο
132 1999 194 2041 nam
205 1980 332 2043 simulac
345 1984 461 2060 species
474 1984 643 2061 patefactast
654 2002 740 2044 verna
752 1984 808 2044 diei

133 2074 161 2125 et
171 2074 299 2127 reserata
309 2067 388 2143 viget
400 2066 560 2144 genitabilis
571 2086 637 2127 aura
648 2068 759 2146 favoni,

132 2151 226 2210 cariae
241 2152 360 2229 primum
370 2149 504 2210 volucres
516 2160 561 2228 te,
575 2151 654 2227 diva,
666 2163 800 2231 tuumque

133 2233 291 2311 significant
303 2235 400 2292 initum
410 2231 561 2312 perculsae
576 2235 662 2294 corda
673 2244 719 2294 tua
730 2237 767 2293 vi.

132 2316 196 2377 inde
208 2317 287 2377 ferae
299 2316 427 2395 pecudes
438 2316 595 2395 persultant
607 2317 709 2395 pabula
721 2317 795 2376 laeta

84 2413 118 2465 15
133 2410 161 2460 et
171 2400 287 2478 rapidos
298 2410 406 2460 tranant
417 2403 520 2460 amnis:
537 2402 574 2460 ita
587 2410 668 2477 capta
679 2399 779 2478 lepore

132 2493 161 2544 te
170 2487 298 2563 sequitur
310 2483 412 2562 cupide
425 2501 481 2561 quo
494 2502 632 2563 quamque
643 2484 779 2544 inducere
790 2487 897 2564 pergis.

133 2567 255 2645 denique
267 2586 320 2646 per
329 2569 414 2626 maria
426 2585 460 2628 ac
473 2570 575 2628 montis
588 2568 747 2647 fluviosque
757 2572 868 2647 rapacis

132 2649 358 2730 frondiferasque
371 2650 469 2711 domos
483 2653 574 2710 avium
586 2670 760 2731 camposque
771 2654 888 2716 virentis

133 2735 262 2795 omnibus
274 2737 414 2795 incutiens
427 2734 558 2794 blandum
569 2755 622 2814 per
633 2747 751 2813 pectora
764 2754 888 2800 amorem

81 2829 117 2882 20
131 2817 223 2879 efficis
236 2828 266 2880 ut
278 2817 380 2896 cupide
392 2821 548 2895 generatim
559 2819 655 2879 saecla
665 2831 833 2899 propagent.

132 2920 204 2983 quae
217 2904 346 2982 quoniam
357 2920 451 2962 rerum
462 2912 585 2961 naturam
596 2903 658 2963 sola
669 2904 827 2982 gubernas,

131 3005 187 3046 nec
199 2988 301 3047 sinete
313 2988 463 3065 quicquam
474 2985 533 3045 dias
545 2988 573 3045 iu
585 2984 695 3047 lumime
708 3005 772 3046 cras

132 3071 258 3130 exoritur
268 3087 362 3148 neque
376 3069 405 3130 fit
416 3069 520 3129 laetum
531 3088 625 3148 neque
636 3070 755 3130 amabile
767 3073 934 3150 quicquam,

131 3162 160 3213 te
173 3155 280 3214 sociam
291 3152 393 3213 studeo
405 3152 562 3212 scribendis
574 3155 706 3214 versibus
718 3172 802 3230 esse,

83 3246 118 3298 25
132 3253 205 3313 ques
217 3254 274 3314 ego
286 3235 322 3297 de
332 3254 426 3296 rerum
436 3245 533 3296 natura
543 3254 669 3314 pangere
682 3253 771 3296 conor

130 3317 314 3380 Memmiadae
325 3330 439 3397 nostro,
453 3337 536 3398 quem
548 3329 593 3396 tu,
606 3320 675 3396 dea,
693 3329 822 3398 tempore
835 3321 948 3380 inomni

132 3403 260 3464 omnibus
273 3413 400 3463 ornatum
410 3404 525 3463 voluisti
537 3402 683 3463 excellere
694 3404 790 3464 rebus.

89 3490 247 3546 Lucurrrus.
858 3488 877 3550 l
