2288 3886
528 168 556 230 11

115 347 147 400 et
159 337 239 418 quasi
250 335 407 418 longinquo
420 336 509 397 liuere
522 338 613 397 omnia
625 337 766 397 cemimus
778 353 852 398 aero

67 427 104 486 io
117 440 158 484 ex
171 419 323 500 oculisque
335 430 507 482 vetustatem
517 420 680 482 subducere
691 421 816 499 nostris,

117 523 184 568 cum
193 515 288 566 tamen
303 503 453 566 incolumis
463 504 592 566 videatur
606 521 712 577 summu
722 522 838 566 manere

116 598 275 670 propterea
287 590 370 667 quie,
384 606 456 668 quae
468 587 611 649 decedunt
623 604 744 667 conpore
756 591 880 668 cuique,

115 673 193 734 unde
204 673 310 733 abeunt
320 674 464 751 minuunt,
477 690 533 752 quo
546 690 654 733 venere
664 674 794 750 augmine
806 671 921 735 donant.

116 757 168 818 illa
178 774 338 819 senescere
349 765 377 818 at
388 756 460 818 haec
473 765 571 817 contra
581 755 738 817 florescere
751 765 876 835 cogunt,

69 850 102 907 75
116 860 174 902 nec
186 849 364 902 remorantur
374 841 423 901 ibt,
442 841 486 902 sie
497 857 591 901 rerum
603 857 710 901 summa
721 848 841 902 novetur

117 943 253 1004 semper,
265 931 295 985 et
306 925 380 986 inter
390 943 424 985 se
435 923 569 986 mortales
581 932 675 985 mutua
685 925 791 984 vivum.

118 1016 281 1087 augescunt
292 1006 365 1069 aliae
375 1017 497 1087 gentes,
509 1006 581 1069 aliae
592 1011 768 1085 minuuntur,

84 1163 87 1167 ⁴
117 1097 207 1173 inque
218 1092 300 1154 brevi
311 1094 406 1171 spatio
416 1101 555 1153 mutantur
565 1090 663 1153 saecla
673 1093 840 1151 animantum

117 1187 149 1239 et
161 1178 243 1256 quasi
255 1193 388 1239 cursores
399 1178 466 1237 vitai
477 1175 605 1256 lampade
616 1175 735 1236 tradunt.

64 1271 102 1326 80
160 1262 192 1321 Si
204 1279 321 1322 cessare
333 1270 416 1339 putas
427 1278 520 1323 nerum
532 1259 682 1340 primordia
693 1276 783 1338 posse

118 1342 321 1424 cessandoque
331 1362 423 1407 noros
434 1363 528 1406 rernm
539 1347 713 1424 progignere
724 1352 835 1422 motus,

117 1431 307 1490 ariusarera
318 1427 407 1507 longe
418 1430 527 1490 ratione
538 1430 659 1507 vagaris.

118 1532 184 1573 nam
195 1514 327 1591 quoniam
338 1514 480 1592 perinane
492 1522 643 1590 vagantur,
657 1522 759 1574 cuncta
768 1519 923 1574 necessest

118 1606 166 1658 aut
177 1598 316 1675 gravitate
327 1615 379 1657 sua
389 1597 457 1657 ferri
470 1597 620 1676 primordia
630 1615 743 1675 rerum,

66 1692 103 1746 85
120 1691 169 1741 aut
179 1680 322 1742 ictuiorte
332 1679 458 1743 alterius.
467 1700 534 1741 nem
546 1701 614 1742 eom
627 1683 682 1741 cita
693 1699 782 1760 saepe

120 1766 206 1826 obvia
218 1764 392 1843 conflixere,
411 1766 441 1826 dt
451 1774 482 1827 ut
493 1765 735 1843 diversarepente

120 1848 276 1913 dissiliant:
287 1867 382 1929 neque
394 1852 469 1910 enim
479 1851 594 1927 mirum,
607 1847 754 1909 durissima
766 1864 839 1926 quae
850 1847 906 1907 sint

119 1933 296 2014 ponderibus
308 1932 408 1995 solidis
419 1951 514 2013 neque
529 1934 679 2014 quicquam
691 1939 800 2008 atergo
815 1929 879 1991 ibus
891 1929 997 1991 obstet.

121 2027 150 2080 et
162 2034 220 2098 quo
232 2018 329 2078 iactari
338 2019 429 2096 magis
442 2019 534 2080 omnia
544 2017 668 2078 materiai

69 2112 106 2166 90
122 2119 245 2182 corpora
258 2101 429 2181 pervideas,
441 2103 626 2164 reminiscere
635 2102 722 2162 totius
732 2102 816 2160 imum

121 2186 161 2247 nil
173 2204 242 2248 esso
253 2187 283 2245 in
294 2203 417 2264 summa,
429 2204 525 2266 neque
536 2186 642 2248 babere
655 2187 703 2246 ubi
715 2203 836 2266 corpora
847 2185 935 2264 primu

123 2272 295 2340 consistant;
308 2271 439 2351 quoniam
452 2273 573 2350 spatium
584 2272 646 2332 sine
658 2271 713 2330 fine
724 2269 912 2348 modoquest,

121 2356 338 2434 inmensumque
349 2362 448 2434 patere
461 2357 489 2415 in
501 2364 618 2415 cunctas
630 2352 754 2431 undique
765 2354 853 2432 partis

122 2437 252 2518 pluribus
264 2439 377 2500 ostendi
389 2447 418 2500 et
431 2449 510 2501 certa
521 2439 629 2499 ratione
640 2438 825 2516 probatnmst.

77 2529 108 2583 95
123 2522 341 2603 quodquoniam
354 2532 480 2602 constat,
492 2524 638 2599 nimirum,
650 2519 819 2598 nullequies
831 2527 877 2580 est

123 2607 232 2669 reddita
244 2607 414 2688 corporibus
426 2608 524 2687 primis
535 2624 588 2686 per
599 2607 681 2666 inane
693 2604 879 2685 profundum,

123 2691 173 2752 sed
185 2692 276 2769 magis
286 2689 405 2754 adsiduo
415 2693 552 2771 varioque
563 2691 690 2752 exercita
699 2700 776 2750 motu

125 2778 223 2853 partim
234 2773 391 2836 intervallis
403 2777 512 2854 magnis
528 2774 653 2836 confulta
664 2774 818 2852 resultant,

10 2892 13 2897 ·
97 2889 100 2895 ·
124 2876 187 2937 pars
200 2860 285 2920 etiam
296 2859 431 2922 brevibus
442 2862 541 2939 spatiis
552 2860 736 2920 vexanturab
749 2862 817 2920 ictu.

16 2980 20 2989 ·
75 2945 116 3002 100
124 2953 150 3003 et
160 2961 358 3024 quaecumque
369 2946 460 3022 magis
474 2943 619 3006 condenso
633 2943 784 3004 conciliatu

126 3030 234 3107 exiguis
246 3026 402 3090 intervallis
415 3038 554 3088 convecta
566 3026 719 3105 resultant,

125 3111 286 3194 indupedita
296 3113 356 3174 suis
368 3112 515 3192 perplexis
526 3115 588 3191 ipse
599 3113 713 3189 liguris,

125 3193 194 3257 haec
205 3195 314 3258 validas
326 3199 387 3258 saxi
398 3194 511 3257 radices
523 3205 552 3257 et
564 3195 624 3255 lora
635 3196 703 3255 ierri

127 3296 245 3360 corpora
256 3282 446 3359 constituunt,
458 3289 488 3343 et
500 3289 596 3341 cetera
608 3279 647 3339 de
657 3297 765 3357 genere
777 3276 879 3338 horum

78 3360 117 3418 1⁰5
126 3364 243 3440 pauculo
255 3382 329 3445 quae
340 3382 427 3444 porro
441 3381 570 3443 magnum
582 3364 727 3442 perinane
739 3370 878 3440 vagantur

21 3472 25 3495 :
96 3524 112 3580 ι
127 3456 220 3510 cetera
232 3446 372 3510 dissiliunt
383 3448 487 3528 longe,
500 3448 646 3527 longeque
658 3454 805 3508 recursant

112 3545 242 3593 bocurtus.
