2310 3892
128 219 185 282 126
610 220 635 279 V

208 404 311 464 nemo,
325 398 354 448 ut
367 390 484 466 opinor,
498 389 551 447 erit
564 387 675 448 mortali
690 405 812 466 corpore
826 399 931 450 cretus.

208 473 322 548 namsi,
336 481 367 531 ut
379 474 442 551 ipsa
455 472 527 551 petit
538 473 670 532 maiestas
685 474 798 549 cognita
809 491 920 550 rernm,

208 555 356 616 dicendum
372 564 433 633 est,
447 555 517 616 deus
528 555 578 615 ille
589 556 658 633 luit,
672 555 759 633 deus,
773 557 882 632 inclyte
894 556 1031 635 Memmi,

209 641 256 719 qui
267 642 402 720 princeps
414 641 488 700 vitae
503 641 639 700 rationem
653 642 758 700 invenit
770 659 831 700 eam
845 659 918 720 quae

156 736 190 787 to
207 741 281 783 nunc
293 723 454 803 appellatur
466 725 620 802 sapientia,
635 725 739 804 quique
754 742 808 803 per
823 735 912 785 artem

209 808 340 868 lluctibus
352 826 368 866 e
381 809 463 868 tantis
474 809 559 867 vitam
570 810 711 887 tantisque
723 808 850 868 tenebris

207 894 236 951 in
246 900 302 951 tam
313 891 464 970 tranquillo
477 901 505 951 et
519 900 574 950 tam
588 891 663 952 clara
674 891 739 952 luce
752 891 866 952 locavit.

209 975 308 1035 confer
320 976 393 1035 enim
406 974 498 1034 divina
510 975 627 1035 aliorum
638 977 750 1054 antiqua
762 985 886 1055 reperta.

205 1078 326 1138 namque
341 1057 432 1120 Ceres
444 1060 533 1120 lentur
546 1058 645 1136 fruges
657 1058 797 1138 Liberque
813 1058 932 1139 liquoris

155 1156 187 1206 15
203 1145 320 1222 vitigeni
333 1143 447 1203 laticem
457 1141 622 1204 mortalibus
632 1145 803 1210 instituisse,

206 1246 271 1287 cum
281 1237 373 1288 tamen
384 1227 427 1287 his
439 1236 540 1306 posset
555 1229 615 1287 sine
628 1228 715 1287 rebus
728 1229 785 1287 rita
798 1243 931 1303 manere,
947 1244 949 1249 ¹

206 1322 236 1371 ut
248 1311 319 1370 lama
331 1321 376 1371 est
387 1310 495 1390 aliquas
508 1313 591 1370 etiam
606 1329 679 1370 nune
692 1313 793 1370 rivere
806 1312 915 1388 gentis:

206 1395 319 1455 athene
333 1412 390 1454 non
404 1403 516 1473 poterat
527 1396 588 1454 sine
600 1412 671 1474 puro
683 1405 803 1473 pectore
816 1397 887 1461 vivi;

207 1496 263 1557 quo
275 1480 363 1555 magis
378 1477 426 1537 hic
437 1480 537 1538 merito
549 1479 631 1540 nohis
646 1479 716 1539 deus
730 1497 797 1539 csse
809 1477 939 1555 ridetur,

153 1575 188 1626 20
205 1581 242 1623 ex
255 1579 310 1641 quo
322 1580 397 1621 nunc
409 1564 490 1622 ctiam
502 1580 556 1640 per
566 1579 680 1640 magnas
694 1562 778 1622 didita
791 1564 884 1640 gentis

206 1644 300 1706 dulcia
310 1645 487 1724 permulcent
499 1647 606 1706 animos
617 1645 724 1706 solacia
734 1648 818 1707 vitae.

205 1728 337 1790 Herculis
352 1731 485 1791 antistare
497 1739 589 1790 autem
601 1733 625 1790 si
636 1730 711 1791 faeta
722 1730 853 1809 putabis,

206 1814 318 1892 longius
330 1833 346 1874 a
356 1832 425 1874 vera
438 1813 525 1875 multo
538 1816 645 1875 ratione
661 1813 765 1875 ferere.

206 1898 273 1978 quid
285 1893 446 1959 Nemeaeus
460 1900 534 1958 enim
545 1898 627 1959 nobis
641 1917 715 1958 nnnc
727 1916 844 1974 magnus
854 1896 946 1957 hiatus

118 2042 124 2056 ,
156 1996 188 2046 tt
205 1982 254 2042 ille
265 1981 357 2042 leonis
370 1983 488 2042 obesset
500 1991 529 2042 et
540 1981 659 2042 horrens
672 1982 810 2042 Arcadius
824 1977 894 2042 susl

206 2066 329 2144 denique
344 2065 410 2143 quid
423 2063 527 2125 Cretae
538 2074 634 2126 taums
646 2062 828 2143 Lernaeaque
839 2067 930 2144 pestis

95 2211 98 2217 ,
200 2145 293 2224 hydra
306 2150 453 2208 venenatis
465 2158 566 2228 posset
577 2148 679 2208 vallata
691 2146 838 2210 colubris?

206 2233 309 2313 quidve
321 2235 476 2313 tripectora
487 2235 637 2310 tergemini
648 2235 691 2293 vis
704 2232 845 2309 Geryonai

207 2327 236 2379 et
247 2317 392 2378 Diomedis
405 2319 470 2397 equi
482 2318 622 2397 spirantes
634 2318 747 2377 naribus
758 2320 870 2395 ignem,

156 2414 191 2466 30
205 2401 340 2462 Thracam
354 2401 552 2481 Bistoniasque
564 2401 664 2480 plagas
679 2410 764 2480 atque
777 2401 882 2461 ismara
896 2382 1031 2480 prophan,

205 2582 282 2632 tanto
296 2588 385 2650 opere
398 2570 548 2630 officerent
560 2570 642 2629 nobis
656 2569 819 2649 Stymphala
831 2564 984 2630 colentes?

205 2672 346 2733 aureaque
358 2652 547 2732 Hesperidum
559 2671 676 2714 servans
687 2653 825 2732 fulgentia
837 2652 908 2713 mala
918 2699 927 2729 ‚

207 2756 309 2818 asper,
322 2737 426 2797 acerba
436 2744 539 2813 tuens,
553 2739 662 2797 immani
675 2755 798 2816 corpore
813 2755 934 2815 serpens

205 2823 314 2882 arboris
329 2820 476 2900 amplexus
488 2823 605 2900 stirpem
618 2822 683 2902 quid
696 2822 817 2901 denique
830 2822 948 2882 obesset

156 2918 190 2971 35
205 2916 325 2986 propter
334 2904 495 2965 Atlanteum
504 2904 569 2965 litus
582 2905 743 2985 pelagoque
761 2923 880 2983 severa,

206 3009 263 3071 quo
273 3008 367 3068 neque
381 2999 480 3050 noster
492 2990 548 3049 adit
562 2992 708 3070 quisquam
723 3009 778 3050 nec
790 2989 926 3050 barbarus
942 2985 1049 3049 audet?

206 3085 303 3136 cetera
318 3074 354 3134 de
370 3092 478 3152 genere
493 3071 550 3134 hoc
567 3084 715 3153 quaesunt
729 3082 1039 3153 portentaperempta‚

205 3163 229 3220 si
244 3177 300 3220 non
311 3160 387 3219 vieta
397 3159 507 3237 forent,
521 3158 588 3238 quid
602 3158 714 3219 tandem
725 3161 789 3218 riva
801 3153 959 3218 nocerent?

206 3243 261 3321 nil,
274 3253 304 3304 ut
315 3246 430 3323 opinor:
443 3245 480 3304 ita
491 3243 526 3302 ad
539 3245 666 3304 satiatem
678 3251 753 3304 terra
768 3243 890 3303 ferarum

157 3337 190 3391 40
204 3347 279 3388 nune
293 3330 375 3389 etiam
389 3329 472 3389 scatit
487 3336 516 3387 et
529 3326 642 3406 trepido
655 3337 765 3387 terrore
776 3326 888 3407 repleta
904 3334 950 3386 est

204 3432 261 3493 per
274 3430 390 3472 nemora
401 3429 435 3472 ac
446 3422 557 3473 montes
573 3429 690 3488 magnos
704 3411 849 3492 silvasque
861 3407 1032 3488 profundam

210 3516 281 3577 quae
293 3496 358 3558 loca
369 3495 472 3555 vitandi
483 3495 651 3575 plerumque
664 3505 708 3556 est
718 3505 814 3557 nostra
829 3501 968 3574 potestas.
