2288 3886
115 190 155 258 ta
605 190 619 250 l

132 371 183 426 400
194 361 308 422 naribus
319 361 463 421 inveniunt
474 361 594 420 intectas
607 359 708 420 ironde
720 361 853 439 quietes,

198 462 262 508 eum
272 443 362 506 semel
373 445 533 504 institerunt
545 444 666 521 vestigia
678 453 757 504 certa
770 445 843 521 viai,

197 530 241 589 sio
251 526 309 589 alid
320 546 358 589 ex
368 526 424 587 alio
435 544 489 607 per
499 536 529 587 te
540 535 601 588 tute
615 529 679 607 ipse
690 526 790 587 ridere

196 610 299 673 talibus
310 613 338 671 in
350 612 437 671 rebus
447 611 556 691 poteris
570 626 730 689 caesasque
740 609 864 671 latebras

197 697 338 757 insinnare
350 696 440 755 omnis
455 704 484 754 et
501 712 600 755 verum
609 694 776 773 protrahere
788 695 862 772 inde.

134 789 186 844 410
197 778 273 859 quod
285 780 309 840 si
320 780 440 859 pigraris
450 777 600 858 paulumve
612 779 772 839 recesseris
784 779 818 838 ab
834 796 885 854 re,

92 908 98 917 ,
166 888 170 895 ·
196 863 254 925 hoe
266 863 317 924 tibi
329 862 364 922 de
375 862 460 941 plano
471 879 590 941 possum
600 863 785 941 promittere,
800 861 928 922 Memmi:

197 965 289 1026 nsque
301 945 373 1007 adeo
385 945 471 1023 largis
483 945 599 1007 haustos
614 963 631 1005 e
643 944 767 1006 lontibus
779 947 865 1005 arnnis

196 1029 293 1108 lingna
304 1041 368 1090 meo
384 1031 478 1090 suavis
491 1029 540 1090 diti
552 1029 588 1089 de
604 1037 725 1108 pectore
741 1027 856 1106 fundet,

197 1123 228 1175 ut
239 1132 340 1175 verear
350 1132 387 1174 ne
399 1113 477 1174 tarda
487 1116 565 1193 prius
577 1131 630 1193 per
640 1113 765 1173 membra
777 1122 912 1174 senectus

32 1270 36 1275 ,
132 1207 183 1262 415
194 1208 292 1278 serpat
304 1208 333 1258 et
344 1199 373 1257 in
384 1197 466 1257 nobis
477 1199 544 1257 vitai
557 1195 679 1258 claustra
689 1195 833 1272 resolvat,

198 1299 281 1361 quam
291 1283 342 1342 tibi
353 1281 389 1341 de
401 1282 500 1360 quavis
512 1298 567 1341 una
577 1298 610 1341 re
620 1281 751 1340 versibus
765 1282 854 1340 omnis

197 1374 424 1443 argumentorum
435 1365 472 1425 sit
484 1365 566 1443 eopia
578 1365 729 1444 missaper
741 1365 826 1424 auris.

240 1447 300 1508 Sed
309 1466 385 1508 nune
396 1458 426 1508 ut
437 1457 565 1526 repetam
578 1457 711 1526 coeptum
721 1456 875 1527 pertexere
887 1446 988 1527 dietis,

199 1532 307 1609 omnis,
319 1541 349 1592 ut
362 1541 424 1608 est,
440 1533 526 1609 igitur
536 1549 589 1610 per
600 1551 633 1591 se
645 1541 743 1592 natura
757 1530 863 1591 duabus

133 1626 186 1680 420
199 1617 325 1677 constitit
338 1617 366 1675 in
377 1616 481 1676 rebus:
494 1633 557 1675 narn
570 1631 691 1694 eorpora
703 1624 784 1694 sunt,
800 1617 937 1692 etimne,

197 1699 271 1760 bueo
285 1701 381 1779 inquo
393 1701 447 1758 sita
457 1709 522 1760 sunt
533 1707 562 1759 et
574 1716 629 1777 qua
639 1697 751 1760 diversa
762 1707 918 1759 moventur.

199 1800 304 1863 eorpus
315 1785 389 1843 enim
402 1800 456 1863 per
467 1802 500 1844 se
513 1784 666 1844 eommunis
679 1783 790 1844 dedicat
804 1801 871 1843 esse

199 1885 319 1937 sensus3
335 1869 379 1928 eui
390 1868 444 1928 nisi
457 1870 546 1947 prima
558 1866 629 1928 lides
640 1867 752 1927 lundata
763 1866 886 1943 valebit,

197 1950 264 2012 baut
275 1953 328 2011 erit
342 1950 463 2012 occultis
475 1951 511 2011 de
520 1952 606 2011 rebus
620 1968 676 2029 quo
685 1951 847 2010 relerentes

133 2043 184 2096 425
198 2033 363 2094 ooniirmare
376 2035 458 2093 animi
471 2035 621 2112 quiequam
631 2035 739 2093 ratione
752 2048 895 2111 queamus.

197 2126 256 2177 tum
267 2133 354 2195 porro
368 2116 450 2177 loous
465 2135 500 2176 ae
510 2118 648 2195 spatium,
660 2114 737 2195 quod
747 2117 829 2175 inane
843 2132 995 2194 vocamus,

197 2202 223 2261 si
236 2198 344 2259 nullum
355 2200 448 2278 loret,
459 2200 526 2260 hant
541 2218 658 2279 usquam
670 2202 723 2260 sita
734 2216 855 2279 corpora
865 2210 985 2279 possent

198 2302 267 2345 esse
281 2302 375 2364 neque
388 2286 500 2345 omnino
511 2301 651 2364 quoquam
665 2283 777 2344 diversa
787 2301 897 2352 meare;

197 2367 227 2428 id
239 2368 380 2448 quodiam
392 2387 496 2448 supera
507 2370 557 2430 tibi
569 2368 654 2448 paulo
666 2369 839 2430 ostendimus
850 2378 923 2429 ante.

131 2461 184 2516 430
195 2462 345 2533 praeterea
356 2452 395 2512 nil
408 2463 453 2514 est
464 2453 540 2532 quod
551 2455 647 2532 possis
659 2454 756 2514 dicere
767 2454 802 2513 ab
816 2455 889 2513 omni

199 2554 322 2617 corpore
333 2539 491 2598 seiunctum
503 2547 703 2615 secretumque
718 2556 785 2597 esse
800 2538 836 2596 ab
848 2539 937 2615 inani,

198 2620 274 2699 quod
287 2621 366 2699 quasi
376 2622 458 2681 tertia
469 2621 506 2680 sit
516 2637 632 2680 numero
643 2628 739 2679 natura
749 2628 872 2698 reperta.

197 2721 260 2763 narn
271 2703 469 2782 quodcumque
482 2705 550 2779 erit,
567 2721 633 2763 esse
644 2701 749 2782 aliquid
759 2702 875 2764 debebit
886 2703 914 2761 id
929 2705 1035 2783 ipsum;

198 2787 244 2846 oui
257 2789 282 2846 si
294 2795 385 2846 tactus
398 2789 451 2846 erit
463 2788 589 2864 quamvis
600 2785 672 2847 levis
685 2788 881 2866 exiguusque,

134 2877 185 2932 435
197 2871 328 2948 augmine
339 2868 387 2929 vel
398 2870 497 2948 mandi
508 2869 556 2930 vel
567 2888 655 2950 parvo
667 2870 806 2950 denique,
819 2871 884 2930 dum
896 2873 949 2949 sit,

90 3001 94 3007 Δ
198 2955 327 3034 eorporis
338 2955 453 3030 augebit
465 2972 609 3014 numerum
623 2973 814 3034 summamque
826 2964 976 3034 sequetur:

197 3038 240 3098 sin
251 3036 377 3098 intactile
390 3039 459 3117 erit,
472 3037 548 3098 nulla
560 3038 595 3099 de
607 3049 688 3119 parte
700 3039 776 3119 quod
787 3037 872 3099 ullam

195 3139 256 3182 rem
267 3121 421 3200 probibere
433 3131 519 3202 queat
528 3141 582 3202 per
592 3141 626 3184 se
637 3126 756 3184 transire
769 3131 924 3201 meantem,

196 3204 326 3283 seilicet,
342 3204 399 3266 boo
413 3206 441 3266 id
453 3208 523 3284 erit,
535 3224 654 3267 vacuum
667 3207 743 3286 quod
754 3209 836 3267 inane
848 3225 992 3269 vocamus.

134 3295 184 3351 440
193 3297 341 3368 praeterea
352 3307 406 3368 per
415 3309 449 3351 se
461 3290 537 3369 quod
549 3309 669 3369 eumque
681 3293 750 3369 erit,
762 3300 809 3352 aut
820 3291 905 3353 laeiet
917 3291 984 3372 quid

195 3382 243 3434 aut
253 3371 315 3434 aliis
328 3373 407 3451 iungi
419 3373 536 3435 debebit
547 3374 696 3452 agentibus
706 3377 815 3454 ipsum,

193 3465 242 3520 aut
253 3458 307 3519 erit
316 3466 346 3518 ut
358 3460 469 3537 possint
478 3459 507 3518 in
518 3476 613 3520 eo‘res
627 3476 695 3520 esse
707 3460 841 3538 geriqne:
