2288 3886
522 158 562 218 1v

127 325 218 387 multe
228 325 441 403 modismultis,
456 323 571 385 nullavi
579 325 863 406 ,'cassaquesensul

163 407 178 494 ΙΙ
194 409 252 472 Sed
263 429 300 470 ne
314 410 389 471 forte
402 419 486 490 putes
499 409 656 470 cadomum
668 410 854 491 solavagari,

128 513 327 594 quaecumque
337 495 373 555 eb
387 495 474 555 rehus
485 511 580 554 rerum
591 493 738 555 simulacra
748 497 903 572 recedunt,

128 590 195 642 sunt
206 581 289 640 etiam
301 596 374 656 quae
387 587 490 658 sponte
502 596 553 638 sua
564 579 717 656 gignuntur
730 581 780 639 et
771 599 833 660 rpsa

60 674 116 728 130
130 664 359 726 constituuntur
350 682 379 721 m
390 661 446 722 lroo
459 660 557 738 caelo,
570 680 617 739 qur
610 662 731 722 dicitur
741 670 807 742 aer,

128 768 202 829 quae
216 746 311 807 multis
325 746 441 807 formata
451 745 542 806 modis
554 745 675 807 sublime
686 711 831 826 lemntul,
932 796 935 801 .

127 852 184 894 nec
195 833 325 931 speciem
336 841 443 892 mutare
455 848 534 891 suam
545 828 681 909 liquentia
692 842 806 893 cessant

128 926 158 979 et
170 918 308 994 cuiusque
319 913 395 976 modi
406 913 557 974 formamm
569 917 707 975 vertere
697 935 727 976 ru
739 933 817 986 oras;

127 1011 158 1062 ut
171 999 264 1060 nubes
276 998 361 1059 facile
371 998 511 1059 interdum
523 1016 715 1060 concrescere
728 1002 756 1059 in
766 999 824 1060 alto

59 1094 113 1149 135
126 1086 268 1145 cernimus
280 1092 310 1143 et
320 1081 415 1143 mnndi
425 1083 554 1162 speciem
563 1081 671 1144 violare
683 1102 830 1161 serenam,

126 1173 194 1229 aera
205 1166 365 1228 mulcentes
376 1176 469 1227 motu:
482 1184 545 1225 nam
556 1185 645 1246 saepe
658 1165 806 1246 Gigantum

128 1270 176 1313 ora
187 1250 287 1311 volare
301 1251 432 1310 ridentur
446 1260 475 1311 et
490 1250 615 1311 umbram
627 1249 733 1312 ducere
744 1250 818 1331 late,

126 1336 267 1396 interdum
278 1337 370 1413 magni
381 1344 493 1396 montes
505 1333 659 1413 avolsaque
672 1353 739 1396 saxa

125 1420 267 1481 montibus
282 1421 389 1480 anteire
403 1428 432 1479 et
446 1417 538 1479 solem
550 1418 709 1480 succedere
721 1431 851 1499 praeter,

60 1504 191 1568 ldoiude
202 1502 274 1564 alios
286 1503 399 1564 trahere
410 1512 495 1582 atque
506 1502 643 1564 inducere
654 1503 868 1567 beluanimbos.
884 1504 898 1590 Ι

168 1585 251 1648 Nunc
262 1605 297 1648 ea
309 1605 391 1667 quam
401 1586 478 1647 facili
489 1597 518 1647 et
530 1587 620 1650 celeri
631 1589 741 1649 ratione
752 1600 890 1668 genantur

126 1681 325 1754 perpetuoque
337 1672 422 1731 lluaot
433 1671 468 1732 ab
479 1672 567 1732 rebus
575 1656 716 1752 lapsaque
730 1674 831 1735 cedant

126 1858 243 1918 semper
257 1841 331 1901 euim
341 1858 479 1901 summum
492 1838 626 1918 quicquid
637 1838 673 1899 de
684 1840 771 1901 rebus
787 1841 927 1920 abundat,

126 1923 202 2005 quod
212 1922 378 1984 iaculentur.
395 1934 424 1984 et
437 1922 495 1983 hoc
506 1921 575 1983 alias
592 1940 655 1982 oum
667 1926 800 2002 pervenit
810 1927 838 1984 in
849 1944 915 2002 res,

58 2017 113 2073 145
127 2011 242 2087 transit,
257 2018 287 2069 ut
297 2010 325 2066 in
338 2010 436 2088 primis
445 2017 572 2069 vestem:
586 2006 638 2069 sed
653 2009 701 2069 uhi
714 2026 815 2088 aspera
824 2027 891 2071 saxa

125 2103 172 2154 aut
182 2095 212 2153 in
225 2094 367 2152 materiam
379 2091 447 2172 ligni
459 2094 610 2172 pervenit,
621 2092 660 2152 ibi
672 2094 726 2154 iam

126 2177 279 2255 scinditur,
291 2184 321 2235 ut
331 2175 439 2236 nullum
449 2175 629 2238 simulacrum
640 2176 763 2239 reddere
773 2180 874 2257 possit.

125 2271 154 2322 et
165 2280 229 2322 com
240 2260 389 2340 splendida
400 2278 471 2340 quae
485 2270 613 2321 constant
626 2271 748 2340 opposta
763 2262 875 2324 fuerunt

127 2345 289 2425 densaque,
301 2353 333 2404 nt
342 2346 371 2404 in
384 2346 481 2424 primis
494 2342 643 2424 speculum
654 2354 717 2423 est,
729 2343 768 2405 nil
780 2346 883 2406 accidit
895 2347 1008 2409 horum.

61 2439 114 2495 leo
125 2448 189 2490 nem
198 2447 311 2509 noque,
329 2431 510 2506 utirestem,
524 2429 598 2508 potis
611 2437 656 2488 est
667 2429 804 2504 transire,
817 2447 910 2508 neque
922 2441 1016 2493 autem

126 2513 232 2583 scindi;
247 2530 329 2592 quam
340 2515 464 2574 meminit
475 2511 558 2573 levor
568 2521 714 2591 praestare
726 2510 854 2573 salutem.

126 2606 302 2679 quapropter
313 2598 384 2658 litut
395 2596 461 2657 hinc
472 2598 555 2659 nobis
567 2595 715 2658 simulacra
725 2595 891 2658 redundent.

126 2691 157 2744 et
171 2682 296 2761 quamue
308 2682 419 2759 subito,
433 2684 534 2761 quovis
550 2683 735 2763 intempore,
748 2699 887 2762 quamque

124 2784 186 2827 rem
196 2774 295 2827 contra
304 2765 454 2845 speculum
465 2784 572 2845 ponas,
587 2777 704 2846 apparet
715 2769 824 2846 imago;

57 2857 111 2912 155
125 2860 269 2930 perpetuo
282 2850 370 2911 lluere
382 2860 412 2911 ut
425 2868 528 2912 noscas
541 2870 557 2911 e
571 2868 692 2930 corpore
705 2869 813 2911 summo

125 2943 252 2996 texturas
262 2952 357 2994 rernm
370 2937 463 2996 tenuis
476 2936 626 3014 tenuisque
639 2935 751 3012 ligures.

127 3037 198 3097 ergo
209 3019 296 3079 multa
305 3020 386 3080 brevi
399 3021 492 3097 spatio
503 3017 653 3081 simulacra
664 3030 820 3096 genantur,

126 3111 157 3162 ut
167 3104 269 3164 merito
282 3103 362 3164 celer
375 3103 418 3165 his
429 3104 515 3164 rebus
528 3102 636 3163 dicetur
647 3104 737 3181 origo.

127 3196 157 3247 et
168 3189 247 3266 quasi
258 3187 344 3248 multa
355 3188 435 3248 breri
446 3189 536 3266 spatio
550 3188 723 3248 summittere
736 3186 822 3249 debet

58 3277 113 3333 160
125 3269 228 3332 lumina
239 3270 301 3349 sol,
314 3281 343 3332 ut
354 3281 494 3351 perpetuo
509 3274 564 3332 sint
579 3272 669 3332 omnia
679 3271 781 3351 plena,

127 3357 170 3416 sic
181 3356 216 3417 ab
227 3357 314 3418 rebus
326 3357 394 3417 item
406 3355 488 3416 simili
497 3358 606 3417 ratione
617 3364 770 3417 necessest

124 3441 262 3521 temporis
272 3440 301 3501 in
312 3449 418 3521 puncto
429 3459 522 3503 rerum
534 3439 681 3502 simulacra
692 3440 817 3503 derantur
