2288 3886
599 176 641 237 lll

204 344 336 407 convenit
347 342 535 424 adversisque
546 345 574 404 in
587 345 674 405 rebus
686 360 811 404 noscere
823 345 871 427 qul
883 344 936 408 sit.

202 448 266 490 uam
280 446 367 490 uerae
378 446 469 489 voces
484 438 543 488 tum
557 428 669 489 demum
679 437 801 508 pectore
812 430 847 490 ab
860 432 915 489 imo

204 513 371 590 eliciuntur,
387 522 416 574 et
426 514 543 592 eripitur
554 529 693 591 persona,
706 522 800 573 manet
811 531 868 574 res.

204 599 327 678 denique
341 599 474 659 avarities
487 606 517 657 et
531 596 669 657 honorum
685 613 772 656 caeca
785 597 907 676 cupido,

154 693 189 747 60
205 700 278 762 quae
292 685 413 743 miseros
424 680 553 742 homines
566 689 672 760 cogunt
683 681 887 743 transcendere
898 683 971 745 fines

203 768 271 827 iuris
287 775 316 827 et
329 766 469 827 interdum
480 767 577 827 socios
589 762 733 827 scelerum
742 774 828 845 atque
839 768 986 830 ministros

203 861 306 913 noctes
317 860 403 930 atque
416 850 477 911 dies
488 851 538 911 niti
551 858 713 928 praestante
726 848 824 909 labore

204 936 240 998 ad
253 954 377 997 summas
393 953 543 1012 emergere
555 951 646 1013 opes,
659 932 733 993 haec
743 932 862 995 vulnera
872 935 949 996 vitae

203 1039 260 1082 non
271 1020 409 1081 minimam
422 1029 530 1099 partem
542 1020 639 1079 mortis
652 1017 800 1078 formidine
813 1018 933 1080 aluntur.

153 1115 188 1168 65
204 1107 296 1184 turpis
308 1105 382 1165 enim
393 1104 482 1164 lerme
496 1111 675 1181 contemptus
693 1112 722 1162 et
733 1104 807 1163 acris
820 1113 936 1180 egestas

205 1198 314 1251 semota
325 1190 360 1250 ab
374 1188 450 1248 dulci
462 1190 518 1248 vita
530 1186 680 1267 stabilique
694 1186 826 1247 videntur

205 1283 234 1334 et
247 1275 328 1353 quasi
339 1275 393 1332 iam
407 1272 456 1333 leti
469 1281 565 1351 portas
579 1273 738 1331 cunctarier
752 1281 832 1341 ante;

205 1357 279 1418 unde
294 1356 421 1417 homines
434 1356 498 1416 dum
511 1375 544 1416 se
557 1354 630 1416 falso
641 1365 752 1416 terrore
765 1357 857 1416 coacti

205 1442 344 1519 ellugisse
356 1439 454 1500 volunt
466 1438 569 1518 longe,
582 1438 727 1517 longeque
740 1456 888 1519 ramosae,

56 1611 58 1615 .
159 1533 192 1587 70
208 1527 345 1603 sanguine
359 1523 435 1584 civili
446 1542 507 1584 ram
522 1523 645 1584 condant
659 1523 827 1603 divitiasque

207 1606 407 1687 conduplicant
419 1608 509 1685 avidi,
525 1607 643 1668 caedem
655 1606 744 1669 caede
756 1606 988 1688 accumulantes,

206 1691 339 1754 crudeles
355 1691 479 1770 gaudent
491 1694 519 1752 in
534 1693 608 1753 tristi
619 1690 720 1752 iuuere
732 1691 843 1770 fratris,

206 1788 235 1839 et
249 1779 489 1855 consanguineum
500 1794 614 1837 mensas
626 1775 715 1837 odere
725 1779 890 1855 timentque.

207 1861 346 1925 consimili
357 1863 466 1922 ratione
477 1861 512 1922 ab
525 1861 627 1922 eodem
641 1878 731 1939 saepe
742 1862 843 1922 timore

157 1952 190 2008 ts
207 1956 331 2009 macerat
343 1945 454 2006 invidia.
466 1956 531 2005 ante
544 1943 645 2006 oculos
656 1942 735 2004 ill'um
748 1963 815 2005 esse
829 1954 995 2024 potentem,

206 2031 284 2090 illum
296 2031 456 2109 aspecturi,
470 2029 547 2088 claro
560 2031 607 2106 qui
619 2027 725 2088 incedit
736 2027 862 2109 honore,
968 2027 971 2031 ’

205 2115 260 2192 ipsi
274 2133 306 2175 se
318 2112 484 2172 intenebris
496 2111 574 2172 volvi
587 2129 735 2191 caenoque
750 2123 914 2192 quemntur.

206 2199 348 2258 intereunt
359 2197 460 2275 partim
472 2205 623 2256 statuamm
635 2204 664 2256 et
677 2198 796 2257 nominis
809 2215 890 2275 ergo.

207 2292 236 2342 et
247 2300 336 2361 saepe
347 2299 439 2359 usque
455 2279 545 2359 adeo,
560 2282 658 2341 mortis
669 2280 817 2342 formidine
829 2328 838 2359 ‚
851 2285 926 2342 ritae

160 2372 195 2428 80
209 2369 333 2447 percipit
345 2366 481 2427 humanos
493 2366 587 2427 odium
599 2365 729 2445 lucisque
740 2364 895 2444 videndae,

206 2463 236 2514 ut
248 2452 301 2513 sibi
315 2453 495 2513 consciscant
506 2452 643 2511 maerenti
655 2459 775 2529 pectore
788 2448 892 2527 letum,

206 2536 287 2598 obliti
299 2536 406 2596 iontem
418 2554 546 2596 curarum
556 2535 631 2594 hunc
642 2553 709 2595 esse
720 2536 865 2611 timorem,

206 2621 281 2680 hunc
292 2637 398 2679 vexare
412 2618 565 2697 pudorem,
578 2619 653 2677 hunc
664 2616 777 2678 vincula
788 2619 918 2679 amicitiai

206 2721 338 2782 rumpere
355 2712 384 2762 et
395 2704 423 2761 in
434 2719 540 2762 smuma
550 2705 685 2780 pietatem
696 2711 828 2763 evertere
845 2701 941 2763 clade:

156 2794 190 2847 85
206 2805 268 2846 nam
280 2789 334 2846 iam
345 2804 434 2865 saepe
446 2784 576 2847 homines
587 2787 704 2866 patriam
716 2804 855 2865 carosque
869 2786 995 2866 parentis
1089 2781 1093 2787 ’

206 2868 407 2949 prodidemnt,
420 2872 509 2930 vitare
521 2869 680 2932 Acherusia
691 2869 797 2950 templa
811 2880 953 2950 petentes.

206 2973 269 3014 nam
280 2953 369 3015 veluti
379 2950 461 3034 pueri
472 2954 612 3034 trepidant
621 2965 707 3035 atque
719 2957 810 3016 omnia
822 2957 917 3016 caecis

205 3039 369 3099 intenebris
381 3048 524 3118 metuunt,
537 3042 580 3101 sic
594 3058 647 3101 nos
661 3043 690 3099 iu
701 3038 767 3100 luce
778 3041 908 3100 timemus

205 3123 362 3202 interdum,
374 3121 432 3183 nilo
446 3142 519 3204 quae
530 3135 595 3186 suut
606 3123 756 3184 metuenda
766 3125 856 3202 magis
871 3141 954 3204 quam

154 3213 189 3267 90
205 3225 277 3287 quae
289 3209 370 3286 pueri
382 3209 410 3268 in
422 3209 547 3270 tenebris
563 3211 688 3288 pavitant
700 3209 865 3288 linguntque
877 3209 978 3268 lutura.

206 3292 280 3352 hunc
291 3294 377 3370 igitur
388 3301 527 3354 terrorem
539 3294 621 3353 animi
635 3292 827 3371 tenebrasque
840 3301 993 3354 necessest

205 3393 262 3435 non
275 3376 344 3436 radii
352 3376 423 3438 solis
434 3395 529 3456 neque
540 3375 634 3437 lucida
645 3373 703 3436 tela
718 3378 773 3437 diei

205 3459 371 3540 discutiant,
389 3460 441 3522 sed
455 3470 570 3522 naturae
582 3461 698 3542 species
708 3462 847 3541 ratioque.
