2288 3886
601 217 641 278 lll

168 403 252 448 »nec
266 385 377 446 ratione
391 385 445 448 alia
460 393 572 446 nosmet
585 401 748 464 proponere
763 388 846 449 nobis

192 486 352 549 possumus
364 470 489 531 infernos
504 471 609 530 animas
624 469 790 533 Acherunte
802 477 906 551 vagari.

194 556 327 633 pictores
341 557 438 633 itaque
450 563 480 615 et
495 555 666 631 scriptorum
678 554 772 616 saecla
784 560 877 636 priora

195 642 241 700 sic
255 640 362 698 animas
377 639 592 701 introduxerunt
608 640 740 702 sensibus
754 652 860 704 auctas.

194 733 227 784 at
238 740 335 800 neque
351 741 463 784 sorsum
475 722 552 784 oculi
563 740 658 800 neque
669 743 752 787 nares
763 744 818 786 nec
830 745 927 788 manus
938 728 1000 806 ipsa

137 818 181 872 66
193 827 265 870 esse
280 816 377 885 potest
389 810 497 869 animae
510 854 518 885 ,
535 826 629 886 neque
642 825 754 868 sorsum
765 808 861 888 lingua
872 830 967 890 neque
978 830 1078 874 aures:

192 891 271 953 hand
281 893 368 970 igitur
378 910 432 971 per
445 912 478 954 se
494 901 613 971 possunt
627 894 734 953 sentire
749 912 843 972 neque
858 915 934 957 esse.

239 975 279 1036 Et
291 978 421 1056 quoniam
436 986 498 1037 toto
514 979 650 1038 sentimus
663 995 785 1056 corpore
797 982 894 1042 inesse

192 1059 313 1121 vitalem
324 1079 439 1123 sensum
452 1071 481 1122 et
495 1070 584 1122 totum
596 1079 664 1122 esse
677 1061 796 1123 animale
807 1063 952 1144 videmus,

196 1146 221 1208 si
236 1145 331 1206 subito
347 1145 469 1206 medium
485 1146 573 1206 celeri
586 1145 756 1223 praeciderit
768 1148 826 1208 ictu

125 1240 180 1294 636
196 1233 244 1292 vis
253 1227 365 1308 aliqua,
382 1240 412 1291 ut
424 1247 535 1293 sorsum
550 1239 660 1308 partem
672 1240 804 1292 secernat
816 1242 980 1311 utramque,

196 1315 346 1392 dispertita
362 1312 561 1393 proculdubio
575 1332 689 1392 quoque
704 1316 748 1375 vis
760 1317 860 1376 animai

195 1408 226 1460 et
242 1398 363 1458 discissa
376 1396 459 1460 simul
472 1418 537 1459 curn
553 1415 676 1477 corpore
692 1399 861 1461 dissicietur.

194 1492 224 1544 at
237 1481 314 1561 qnod
325 1482 463 1545 scinditur
475 1492 504 1543 et
519 1485 606 1561 partis
618 1483 739 1546 discedit
750 1486 777 1542 in
790 1484 880 1563 ullas,

196 1567 328 1643 scilicet,
341 1577 485 1629 aeternam
497 1569 551 1628 sibi
566 1577 690 1628 naturam
701 1568 797 1629 abnuit
809 1588 885 1631 esse.

123 1660 180 1717 646
196 1649 346 1713 falciferos
358 1661 515 1712 memorant
527 1669 626 1712 currus
637 1652 788 1713 abscidere
800 1655 926 1714 membra

196 1751 286 1813 saepe
298 1735 335 1797 ita
351 1735 386 1795 de
399 1736 493 1798 subito
508 1737 647 1813 permixta
660 1735 749 1797 caede
762 1737 900 1815 calentis,

194 1829 226 1880 nt
236 1830 362 1881 tremere
373 1820 401 1878 in
415 1829 490 1880 terra
502 1818 630 1879 videatur
640 1820 676 1879 ab
690 1819 806 1880 acubus
820 1820 849 1880 id
862 1822 938 1898 quod

196 1903 304 1966 decidit
318 1903 479 1982 abscisum,
494 1922 556 1964 curn
569 1921 650 1963 mens
664 1911 757 1962 tamen
772 1913 857 1983 atque
869 1904 990 1964 hominis
1004 1905 1051 1963 vis

195 1986 355 2050 mobilitate
369 1987 434 2048 mali
447 2005 505 2048 non
516 1990 575 2066 quit
587 1989 694 2049 sentire
708 1985 851 2048 dolorem:

124 2083 181 2139 645
195 2083 226 2135 et
241 2070 333 2136 semel
344 2074 372 2132 in
384 2089 497 2151 pugnae
509 2072 602 2133 studio
617 2072 691 2151 quod
704 2072 797 2133 dedita
809 2091 890 2134 mens
905 2082 966 2150 est,

196 2173 322 2236 corpore
333 2154 446 2236 reliquo
462 2174 586 2236 pugnam
599 2157 763 2236 caedesque
778 2158 915 2236 petessit‚

194 2260 253 2303 nec
263 2250 344 2302 tenet
354 2244 485 2303 amissam
497 2241 606 2303 laevam
619 2261 683 2303 cum
696 2245 823 2320 tegmine
835 2259 923 2320 saepe

194 2328 273 2387 inter
282 2342 375 2404 equos
385 2326 519 2387 abstraxe
531 2334 610 2386 rotas
622 2325 772 2404 falcesque
783 2343 921 2402 rapaces,

53 2464 54 2479 ,
195 2428 254 2471 nec
265 2409 409 2471 cecidisse
419 2407 492 2471 alius
506 2410 649 2487 dextram,
663 2427 727 2469 cum
742 2409 850 2469 scandit
862 2418 891 2468 et
905 2411 997 2469 instat.

124 2506 182 2560 660
195 2494 262 2556 inde
274 2492 346 2556 alius
359 2502 478 2555 conatur
487 2495 620 2571 adempto
632 2511 751 2571 surgere
768 2510 868 2569 crure,

53 2565 54 2583 ¹
196 2598 262 2640 cnm
274 2578 380 2657 digitos
390 2580 479 2657 agitat
493 2587 613 2659 propter
622 2576 805 2638 moribundus
816 2575 891 2636 hunni
908 2592 968 2653 pes.

195 2673 226 2725 et
237 2673 323 2742 caput
336 2662 480 2723 abscisum
493 2663 586 2723 calido
597 2665 771 2740 viventeque
785 2671 886 2723 trunco

194 2757 291 2811 sermt
302 2746 378 2807 humi
392 2746 501 2808 voltum
512 2746 627 2808 vitalem
640 2746 800 2825 oculosque
812 2748 951 2827 patentis,

196 2830 292 2893 donec
305 2830 441 2911 reliquias
452 2833 551 2892 animai
565 2830 687 2892 reddidit
697 2848 806 2892 ornnes.

126 2925 183 2981 666
196 2916 265 2996 quin
280 2916 366 2977 etiam
379 2916 432 2976 tibi
448 2918 488 2995 si,
506 2914 600 2994 lingua
612 2916 756 2993 vibrante,
769 2917 883 2975 minanti

195 3008 361 3079 serpentem
373 2999 479 3079 cauda,
496 3016 619 3077 procero
635 3016 757 3078 corpore
769 3001 926 3077 utrimque,

193 3085 232 3146 sit
245 3082 356 3145 libitum
367 3086 395 3143 in
409 3083 512 3144 multas
527 3086 614 3162 partis
630 3083 772 3143 discidere
785 3083 879 3160 ferro,

196 3171 290 3230 omnia
301 3170 356 3228 iarn
367 3185 478 3230 sorsum
491 3186 594 3229 cernes
605 3169 699 3227 ancisa
712 3167 822 3227 recenti

194 3252 316 3315 uolnere
330 3252 428 3313 tortari
440 3261 469 3313 et
482 3261 587 3312 terram
599 3268 793 3329 conspargere
809 3249 894 3327 tabo,

127 3344 184 3401 666
195 3338 288 3417 ipsam
300 3355 391 3416 seque
403 3345 481 3396 retro
494 3347 604 3417 partem
616 3345 718 3415 petere
731 3351 781 3395 ore
797 3336 937 3411 priorem,

197 3420 322 3483 volneris
335 3421 445 3482 ardenti
457 3429 485 3481 ut
499 3438 595 3481 morsu
608 3427 716 3498 premat
728 3420 785 3479 icta
799 3417 937 3478 dolorem.

197 3506 328 3569 omnibus
343 3525 409 3567 esse
425 3505 511 3584 igitur
521 3516 596 3565 totas
608 3505 735 3564 dicemus
749 3505 776 3563 in
792 3501 848 3562 illis
