2288 3886
557 158 595 218 vl

151 327 183 385 in
195 342 303 385 summo
319 334 384 386 sunt
393 327 505 385 vertice
517 328 591 386 enim
608 337 750 404 crateres,
765 336 794 386 ut
807 329 860 406 ipsi

154 410 332 477 nominitant;
345 425 397 470 nos
410 410 486 487 quod
498 409 595 470 fauces
609 410 791 488 perhibemus
805 421 833 470 et
846 429 903 471 ora.

198 491 267 552 Sunt
279 491 386 571 aliquot
399 509 513 571 «proque
524 511 572 554 res
585 511 701 571 quarum
712 513 792 554 unam
805 494 902 555 dicere
916 513 1027 557 causam

153 578 291 637 nonsatis
304 586 366 654 est,
378 594 476 636 verum
489 576 595 655 pluris,
608 578 682 636 unde
696 596 749 638 una
760 589 853 640 tamen
864 581 917 647 sit;

80 670 140 727 705
157 677 263 739 corpus
275 668 304 719 ut
316 661 472 719 exanimum
484 661 586 738 siquod
598 661 699 740 procul
710 664 772 739 ipse
785 664 882 723 iacere

155 746 317 823 conspicias
329 744 465 821 hominis,
480 745 549 804 litut
563 748 651 804 omnis
665 746 762 804 dicere
776 763 874 807 causas

155 830 305 889 conveniat
320 827 387 903 leti,
402 826 510 887 dicatur
524 837 553 888 ut
565 827 640 888 illins
653 846 722 888 una:

153 930 217 971 nam
228 930 323 990 neque
335 929 399 970 eum
412 910 489 971 lerro
500 930 555 971 nec
566 912 674 990 frigore
686 914 802 972 vincere
814 915 909 991 possis

153 993 295 1056 interiisse
307 1013 401 1072 neque
412 1015 428 1054 a
439 996 538 1055 morbo
550 1014 643 1074 neque
657 996 731 1056 lorte
744 1014 872 1072 veneno,

85 1088 102 1143 Ι
106 1091 141 1143 10
155 1097 253 1139 verum
265 1077 369 1157 aliquid
380 1096 488 1155 genere
501 1098 568 1139 esse
583 1099 621 1140 ex
632 1080 688 1139 hoe
700 1080 776 1158 quod
791 1082 910 1158 contigit
922 1083 948 1140 ei

153 1165 268 1224 seimus.
282 1165 348 1222 item
360 1164 386 1220 in
400 1162 492 1222 multis
505 1163 560 1223 hoc
572 1165 659 1224 rebus
672 1164 769 1223 dicere
782 1165 926 1224 habemus.

195 1245 275 1306 Nilus
290 1248 317 1304 in
329 1256 466 1306 aestatem
479 1250 584 1308 crescit
597 1249 760 1326 campisque
771 1246 924 1325 redundat,

154 1332 252 1390 unicus
265 1332 292 1389 in
307 1331 390 1389 terris
402 1331 528 1409 Aegypti
541 1333 626 1391 totius
639 1334 734 1391 amnis.

152 1417 176 1474 is
188 1416 261 1492 rigat
271 1413 436 1491 Aegyptum
447 1415 567 1474 medium
582 1433 634 1493 per
645 1434 733 1494 saepe
748 1415 890 1492 calorem,

86 1507 137 1562 ila
150 1508 197 1559 aut
208 1499 272 1577 quia
283 1506 347 1558 sunt
359 1506 467 1558 aestate
478 1498 627 1577 aquilones
639 1503 711 1560 ostia
724 1509 838 1576 contra,

151 1584 213 1642 anni
226 1591 355 1661 tempore
368 1599 403 1641 eo
417 1584 463 1659 qui
476 1586 584 1644 etesiae
597 1602 664 1644 esse
675 1584 821 1660 feruntur,

151 1675 180 1726 et
193 1675 290 1726 contra
302 1666 415 1724 fluvium
426 1666 526 1728 llantes
538 1678 713 1728 remorantur
725 1679 754 1730 et
765 1670 853 1729 undas

152 1760 291 1827 cogentes
306 1768 404 1811 sursus
419 1749 533 1828 replent
546 1761 709 1828 coguntque
721 1770 844 1810 manere.

151 1853 214 1893 nam
226 1833 311 1894 dubio
323 1833 424 1912 procul
437 1833 508 1892 haee
521 1833 643 1894 adverso
657 1834 743 1893 tlabra
755 1834 883 1894 feruntur

84 1927 138 1981 720
153 1919 265 1978 dumine
277 1964 286 1996 ,
300 1936 372 1996 quae
383 1916 488 1995 gelidis
504 1918 539 1976 ab
552 1916 644 1978 stellis
658 1920 718 1977 axis
730 1927 866 1994 aguntur:

150 2001 198 2062 ille
212 2021 250 2062 ex
260 2002 394 2063 aestilera
407 2003 478 2081 parti
490 2004 568 2062 venit
579 2003 667 2062 amnis
679 2002 714 2062 ab
727 2010 841 2079 austro,

150 2090 224 2146 inter
234 2088 314 2163 nigra
325 2088 414 2145 virum
425 2096 564 2165 percocto
578 2085 675 2147 saecla
689 2086 787 2148 colore

148 2172 285 2253 exoriens
298 2171 411 2248 penitus
423 2172 514 2231 media
526 2172 560 2232 ab
573 2175 692 2250 regione
705 2172 770 2232 diei.

151 2264 196 2314 est
208 2272 323 2333 quoque
336 2256 375 2314 uti
386 2257 479 2333 possit
492 2272 610 2332 magnus
623 2266 780 2332 congestus
792 2274 895 2316 arenae

84 2346 138 2400 725
155 2337 288 2399 fluetibus
299 2337 427 2399 adversis
441 2337 570 2417 oppilare
583 2340 654 2398 ostia
667 2347 781 2416 contra,

151 2441 215 2483 cum
225 2439 301 2482 mare
314 2433 471 2501 permotum
484 2424 576 2482 ventis
587 2425 641 2482 ruit
654 2425 728 2481 intus
740 2439 868 2489 arenam3

149 2524 206 2586 quo
219 2508 248 2566 lit
259 2508 298 2566 uti
310 2515 394 2584 pacto
407 2506 481 2567 liber
491 2508 581 2565 minus
597 2508 690 2566 exitus
701 2508 773 2565 amni

150 2601 178 2651 et
189 2589 326 2669 proclivis
338 2592 406 2651 item
421 2591 466 2649 liat
477 2591 567 2651 minus
580 2593 702 2668 impetus
717 2590 807 2650 undis.

151 2675 179 2734 lit
192 2692 305 2754 quoque
319 2676 357 2734 uti
371 2672 500 2751 pluviae,
514 2673 625 2753 forsan,
638 2676 727 2753 magis
738 2674 773 2734 ad
787 2684 870 2754 caput
888 2674 913 2736 el

80 2768 134 2821 730
145 2768 274 2837 tempore
288 2776 323 2818 eo
336 2759 415 2836 liant,
430 2758 505 2836 quod
515 2761 606 2821 etesia
618 2760 704 2821 dabra
715 2759 877 2838 aquilonum

148 2842 243 2902 nubila
255 2845 397 2902 coniciunt
410 2846 437 2901 in
449 2861 498 2904 eas
512 2852 577 2904 tunc
590 2847 681 2904 omnia
690 2847 793 2922 partis:

149 2926 278 3004 scilicet,
290 2927 325 2986 ad
339 2927 457 2986 mediam
469 2929 615 3003 regionem
628 2930 722 2987 eiecta
737 2927 792 2987 diei

151 3030 212 3070 cum
227 3020 437 3089 convenerunt,
451 3011 489 3071 ibi
501 3009 535 3069 ad
547 3009 620 3070 altos
633 3009 757 3088 denique
768 3011 871 3069 montis

149 3104 301 3156 contrusae
313 3097 404 3156 nubes
418 3104 558 3172 eoguntur
570 3095 655 3172 vique
668 3103 841 3171 premuntur.

82 3185 133 3243 tas
148 3178 266 3240 forsitan
276 3178 450 3258 Aethiopum
462 3179 573 3256 penitus
586 3177 622 3237 de
633 3176 776 3237 montibus
788 3175 852 3239 altis

148 3273 277 3340 crescat,
290 3263 337 3322 ubi
350 3265 376 3322 in
390 3279 505 3341 campos
520 3260 599 3323 albas
611 3259 790 3321 descendere
802 3261 925 3339 ningues

148 3347 270 3407 tabificis
282 3347 388 3424 subigit
399 3346 483 3407 radiis
495 3344 539 3405 sol
552 3347 643 3406 omnia
654 3344 786 3405 lustrans.

188 3429 270 3490 Nunc
281 3447 352 3507 age,
366 3430 480 3491 Averna
491 3429 541 3488 tibi
553 3448 625 3509 quae
638 3431 693 3491 sint
706 3427 770 3489 loca
783 3448 904 3509 cumque
916 3429 1054 3510 lacusque
