2288 3886
541 158 581 221 vl

145 328 271 389 currenti
282 327 403 407 spatium
416 337 627 408 praemonstra,
640 327 740 388 callida
754 347 834 391 musa

147 411 296 491 Galliope,
307 414 423 490 requies
434 413 576 472 hominum
586 410 736 492 divomque
749 412 899 492 voluptas,

87 505 133 560 95
147 506 178 557 te
193 495 267 555 duce
278 504 308 555 nt
319 497 421 574 insigni
433 498 541 573 capiam
557 512 621 554 eum
632 494 714 555 laude
727 514 869 557 coronam.

190 578 331 657 Principio
343 581 447 639 tonitru
460 580 620 658 quatiuntur
632 579 744 639 caerula
757 580 830 640 caeli

147 671 303 741 propterea
314 664 379 740 qnia
391 672 562 723 concurrunt
573 660 694 722 sublime
706 662 836 724 volantes

148 745 293 806 aetheriae
304 746 395 807 nubes
408 756 506 807 contm
517 746 699 824 pugnantibn’
710 749 812 807 ventis.

149 830 247 889 nectit
259 831 333 889 enim
345 831 454 891 sonitus
467 829 540 891 caeli
552 829 587 889 de
600 839 809 908 ponteseram,

81 922 137 975 100
150 931 248 971 verum
258 913 429 991 ubicumque
441 915 530 989 magis
544 913 633 973 denso
648 924 713 973 sunt
724 917 835 991 agmine
847 916 955 993 nubes,

149 1005 205 1055 tam
216 997 305 1074 magis
316 996 381 1056 hinc
393 1014 495 1073 magno
506 996 632 1057 fremitus
645 997 674 1056 iit
685 1015 824 1057 murmure
839 1015 936 1076 saepe.

149 1087 298 1158 praeterea
308 1097 403 1159 nequa
414 1088 470 1139 tam
484 1080 629 1140 condenso
642 1097 765 1158 corpore
779 1081 870 1141 nubes

152 1181 218 1223 esse
230 1172 337 1241 queunt
350 1181 432 1241 quam
444 1173 508 1223 sunt
520 1163 630 1242 lapidas
642 1181 675 1223 ac
687 1166 780 1241 tigna,
793 1176 992 1240 nequeuntem

151 1255 207 1304 tam
216 1255 319 1306 tennes
332 1264 415 1324 quam
425 1256 490 1306 sunt
501 1246 622 1307 nebulae
635 1245 759 1325 fumique
770 1246 915 1309 volantes:

85 1339 136 1390 105
151 1347 212 1388 nam
224 1329 327 1389 cadere
339 1330 375 1388 ah
386 1331 469 1389 bruto
481 1330 620 1390 deberent
635 1329 762 1408 pondere
776 1348 896 1408 pressae

149 1421 179 1472 ut
190 1412 316 1490 lapides,
329 1423 376 1473 aut
387 1423 417 1473 ut
429 1414 520 1474 iumus
538 1423 670 1473 constare
683 1415 833 1491 nequirent

149 1514 204 1555 nec
216 1495 352 1556 cohihere
362 1497 443 1557 niues
455 1496 566 1574 gelidas
578 1505 606 1557 et
617 1496 759 1573 grandinis
772 1499 876 1558 imbris.

150 1579 215 1638 dant
227 1580 310 1638 etiam
321 1582 442 1640 sonitum
453 1580 541 1659 patuli
557 1598 644 1659 super
656 1598 779 1660 aequora
789 1582 901 1660 mundi,

151 1661 285 1723 carbasus
298 1672 327 1722 ut
339 1664 479 1742 quondam
490 1667 597 1741 maguis
611 1665 717 1724 intenta
729 1665 846 1727 theatris

84 1755 137 1808 110
152 1744 198 1805 dat
210 1747 350 1824 crepitum
359 1747 449 1806 malos
461 1748 535 1806 inter
549 1749 649 1806 iactata
658 1748 828 1825 trabesque,

149 1827 287 1888 interdum
297 1832 443 1908 perscissa
454 1828 520 1887 furit
531 1827 721 1907 petulantibus
733 1832 808 1890 auris

151 1921 180 1972 et
192 1911 299 1989 fragilis
314 1915 431 1973 sonitans
445 1911 600 1972 chartarum
616 1912 843 1972 commeditatnr:

149 1996 178 2054 id
189 2012 303 2074 quoque
314 1998 388 2055 enim
399 2014 490 2073 genus
505 1997 533 2054 in
544 1996 649 2055 tonitrn
664 2013 843 2074 cognoscere
855 1999 969 2077 possis,

150 2088 196 2138 aut
207 2079 254 2138 ubi
266 2097 435 2157 suspensam
445 2089 557 2140 vestem
572 2080 720 2141 chartasve
731 2079 852 2141 volantis

86 2172 138 2226 110
152 2163 321 2223 verberibus
332 2165 410 2222 venti
420 2173 534 2224 versant
545 2164 739 2244 planguntque
750 2184 803 2244 per
814 2183 904 2226 auras.

149 2246 180 2306 iit
190 2264 305 2325 quoque
319 2248 392 2307 enim
403 2247 541 2306 interdum
552 2258 651 2308 utnon
665 2258 720 2308 tam
732 2266 903 2310 concurrere
914 2250 1008 2313 nubes

149 2329 288 2389 frontibus
299 2329 426 2391 adversis
442 2333 552 2410 possint
568 2349 649 2410 quam
661 2330 696 2390 de
708 2329 797 2391 latere
812 2334 854 2392 ire

150 2413 264 2473 diverso
275 2423 351 2474 motu
366 2415 499 2475 radentes
512 2431 633 2492 corpora
643 2415 769 2490 tractim,

150 2497 242 2557 aridus
257 2497 331 2557 unde
345 2500 420 2559 auris
432 2508 527 2576 terget
537 2516 625 2559 sonus
640 2497 690 2558 ille
703 2496 807 2574 diuque

86 2589 138 2642 110
152 2579 281 2660 ducitur,
294 2583 424 2641 exierunt
435 2582 528 2642 donec
542 2583 707 2660 regionibus
719 2584 795 2641 artis.

192 2662 255 2724 Hoc
269 2667 352 2725 etiam
365 2676 449 2745 pacto
460 2668 564 2726 tonitru
576 2684 716 2728 concussa
725 2665 856 2726 videntur

150 2749 241 2807 omnia
253 2766 340 2827 saepe
353 2752 432 2827 gravi
444 2759 567 2812 tremere
579 2750 729 2829 etdivolsa
739 2760 860 2830 repente
886 2804 891 2809 ,

149 2832 265 2891 maxima
278 2832 435 2895 dissiluisse
448 2836 561 2912 capacis
573 2837 683 2896 moenia
700 2835 809 2913 mundi,

151 2933 215 2975 cum
224 2917 317 2976 subito
329 2916 413 2976 validi
424 2920 502 2977 venti
512 2918 644 2978 conlecta
656 2918 787 2995 procella

86 3006 137 3059 125
150 2999 271 3058 nubibus
283 3001 393 3060 intorsit
405 3019 489 3079 sese,
506 3000 698 3079 conclusaque
710 2999 815 3060 ibidem

149 3082 261 3142 turbine
272 3085 396 3144 versanti
407 3087 496 3162 magis
511 3102 545 3144 ac
559 3086 648 3162 magis
661 3083 784 3162 undique
799 3083 902 3143 nubem

151 3167 229 3243 cogit
241 3168 281 3226 uti
291 3168 337 3226 liat
348 3170 443 3248 spisso
456 3185 524 3229 cava
537 3185 660 3247 corpore
673 3168 794 3243 circum,

149 3258 217 3327 post
230 3251 278 3309 ubi
293 3254 444 3312 comminuit
454 3255 498 3312 vis
511 3253 572 3312 eius
585 3259 614 3311 et
625 3253 747 3331 impetus
759 3268 842 3328 acar,

149 3340 208 3392 tum
218 3336 430 3414 perterricrepo
444 3338 538 3397 sonitu
551 3335 596 3396 dat
610 3336 702 3395 scissa
712 3332 864 3410 fragorem.

87 3423 138 3477 130
149 3434 205 3476 nec
218 3419 333 3495 mirum,
351 3437 415 3479 cnm
424 3418 509 3501 plena
519 3420 626 3480 animae
637 3415 785 3478 vensicula
796 3437 883 3498 parva
