<?xml version="1.0" encoding="UTF-8"?>
<!DOCTYPE html PUBLIC "-//W3C//DTD XHTML 1.0 Transitional//EN"
    "http://www.w3.org/TR/xhtml1/DTD/xhtml1-transitional.dtd">
<html xmlns="http://www.w3.org/1999/xhtml" xml:lang="en" lang="en">
 <head>
  <title>
</title>
<meta http-equiv="Content-Type" content="text/html;charset=utf-8" />
  <meta name='ocr-system' content='tesseract 3.04.00' />
  <meta name='ocr-capabilities' content='ocr_page ocr_carea ocr_par ocr_line ocrx_word'/>
</head>
<body>
  <div class='ocr_page' id='page_1' title='image "./tlucreticarider07carugoog_0078.png"; bbox 0 0 2288 3886; ppageno 0'>
   <div class='ocr_carea' id='block_1_1' title="bbox 77 170 592 236">
    <p class='ocr_par' dir='ltr' id='par_1_1' title="bbox 77 170 592 236">
     <span class='ocr_line' id='line_1_1' title="bbox 77 170 592 236; baseline -0.008 0"><span class='ocrx_word' id='word_1_1' title='bbox 77 170 119 236; x_wconf 75' lang='lat'><strong>58</strong></span> <span class='ocrx_word' id='word_1_2' title='bbox 564 172 592 233; x_wconf 93' lang='lat' dir='ltr'><strong>lI</strong></span> 
     </span>
    </p>
   </div>
   <div class='ocr_carea' id='block_1_2' title="bbox 78 335 981 3291">
    <p class='ocr_par' dir='ltr' id='par_1_2' title="bbox 162 335 908 418">
     <span class='ocr_line' id='line_1_2' title="bbox 162 335 908 418; baseline 0.001 -20"><span class='ocrx_word' id='word_1_3' title='bbox 162 355 226 398; x_wconf 89' lang='lat' dir='ltr'><strong>curn</strong></span> <span class='ocrx_word' id='word_1_4' title='bbox 239 338 341 418; x_wconf 87' lang='lat' dir='ltr'><strong>quihus</strong></span> <span class='ocrx_word' id='word_1_5' title='bbox 354 346 383 398; x_wconf 91' lang='lat' dir='ltr'><strong>et</strong></span> <span class='ocrx_word' id='word_1_6' title='bbox 399 335 473 417; x_wconf 81' lang='lat' dir='ltr'><strong>quali</strong></span> <span class='ocrx_word' id='word_1_7' title='bbox 484 339 539 398; x_wconf 92' lang='lat' dir='ltr'><strong>sint</strong></span> <span class='ocrx_word' id='word_1_8' title='bbox 552 337 650 398; x_wconf 85' lang='lat' dir='ltr'><strong>ordine</strong></span> <span class='ocrx_word' id='word_1_9' title='bbox 663 355 793 417; x_wconf 81' lang='lat' dir='ltr'><strong>quaeque</strong></span> <span class='ocrx_word' id='word_1_10' title='bbox 806 335 908 399; x_wconf 84' lang='lat' dir='ltr'><strong>locata.</strong></span> 
     </span>
    </p>

    <p class='ocr_par' dir='ltr' id='par_1_3' title="bbox 79 419 943 840">
     <span class='ocr_line' id='line_1_3' title="bbox 79 419 943 503; baseline -0.005 -16"><span class='ocrx_word' id='word_1_11' title='bbox 79 433 145 486; x_wconf 84' lang='lat'>1015</span> <span class='ocrx_word' id='word_1_12' title='bbox 161 424 292 503; x_wconf 87' lang='lat' dir='ltr'><strong>[namque</strong></span> <span class='ocrx_word' id='word_1_13' title='bbox 304 421 403 482; x_wconf 80' lang='lat' dir='ltr'><strong>endem</strong></span> <span class='ocrx_word' id='word_1_14' title='bbox 416 421 526 483; x_wconf 85' lang='lat' dir='ltr'><strong>caelum</strong></span> <span class='ocrx_word' id='word_1_15' title='bbox 537 440 612 482; x_wconf 80' lang='lat' dir='ltr'><strong>mare</strong></span> <span class='ocrx_word' id='word_1_16' title='bbox 625 432 715 483; x_wconf 89' lang='lat' dir='ltr'><strong>terras</strong></span> <span class='ocrx_word' id='word_1_17' title='bbox 727 422 838 483; x_wconf 83' lang='lat' dir='ltr'><strong>flumina</strong></span> <span class='ocrx_word' id='word_1_18' title='bbox 851 419 943 483; x_wconf 88' lang='lat' dir='ltr'><strong>solem</strong></span> 
     </span>
     <span class='ocr_line' id='line_1_4' title="bbox 161 505 845 586; baseline -0.003 -17"><span class='ocrx_word' id='word_1_19' title='bbox 161 508 321 586; x_wconf 83' lang='lat' dir='ltr'><strong>significant</strong></span> <span class='ocrx_word' id='word_1_20' title='bbox 333 505 433 567; x_wconf 83' lang='lat' dir='ltr'><strong>eadem</strong></span> <span class='ocrx_word' id='word_1_21' title='bbox 446 507 545 585; x_wconf 80' lang='lat' dir='ltr'><strong>fruges</strong></span> <span class='ocrx_word' id='word_1_22' title='bbox 562 507 676 568; x_wconf 81' lang='lat' dir='ltr'><strong>arbusta</strong></span> <span class='ocrx_word' id='word_1_23' title='bbox 687 506 845 586; x_wconf 82' lang='lat' dir='ltr'><strong>animantis]</strong></span> 
     </span>
     <span class='ocr_line' id='line_1_5' title="bbox 162 591 853 670; baseline -0.001 -16"><span class='ocrx_word' id='word_1_24' title='bbox 162 594 187 654; x_wconf 92' lang='lat' dir='ltr'><strong>si</strong></span> <span class='ocrx_word' id='word_1_25' title='bbox 198 608 255 651; x_wconf 94' lang='lat' dir='ltr'><strong>non</strong></span> <span class='ocrx_word' id='word_1_26' title='bbox 265 593 357 652; x_wconf 85' lang='lat' dir='ltr'><strong>omnia</strong></span> <span class='ocrx_word' id='word_1_27' title='bbox 368 601 449 670; x_wconf 86' lang='lat' dir='ltr'><strong>sunt,</strong></span> <span class='ocrx_word' id='word_1_28' title='bbox 462 600 489 651; x_wconf 83' lang='lat' dir='ltr'><strong>at</strong></span> <span class='ocrx_word' id='word_1_29' title='bbox 500 591 589 651; x_wconf 90' lang='lat' dir='ltr'><strong>multo</strong></span> <span class='ocrx_word' id='word_1_30' title='bbox 601 593 719 652; x_wconf 84' lang='lat' dir='ltr'><strong>maxima</strong></span> <span class='ocrx_word' id='word_1_31' title='bbox 729 609 795 670; x_wconf 81' lang='lat' dir='ltr'><strong>pars</strong></span> <span class='ocrx_word' id='word_1_32' title='bbox 808 602 853 653; x_wconf 91' lang='lat' dir='ltr'><strong>est</strong></span> 
     </span>
     <span class='ocr_line' id='line_1_6' title="bbox 163 675 845 754; baseline -0.003 -17"><span class='ocrx_word' id='word_1_33' title='bbox 163 675 333 737; x_wconf 87' lang='lat' dir='ltr'><strong>consimilis:</strong></span> <span class='ocrx_word' id='word_1_34' title='bbox 344 695 443 736; x_wconf 87' lang='lat' dir='ltr'><strong>verum</strong></span> <span class='ocrx_word' id='word_1_35' title='bbox 453 678 580 754; x_wconf 83' lang='lat' dir='ltr'><strong>positure</strong></span> <span class='ocrx_word' id='word_1_36' title='bbox 592 675 776 754; x_wconf 74' lang='lat' dir='ltr'><strong>discrepitant</strong></span> <span class='ocrx_word' id='word_1_37' title='bbox 787 695 845 737; x_wconf 90' lang='lat' dir='ltr'><strong>res.</strong></span> 
     </span>
     <span class='ocr_line' id='line_1_7' title="bbox 161 761 703 840; baseline -0.004 -18"><span class='ocrx_word' id='word_1_38' title='bbox 161 762 204 822; x_wconf 91' lang='lat' dir='ltr'><strong>sic</strong></span> <span class='ocrx_word' id='word_1_39' title='bbox 215 762 285 840; x_wconf 89' lang='lat' dir='ltr'><strong>ipsis</strong></span> <span class='ocrx_word' id='word_1_40' title='bbox 297 762 326 820; x_wconf 91' lang='lat' dir='ltr'><strong>in</strong></span> <span class='ocrx_word' id='word_1_41' title='bbox 337 761 424 822; x_wconf 90' lang='lat' dir='ltr'><strong>rebus</strong></span> <span class='ocrx_word' id='word_1_42' title='bbox 435 762 504 821; x_wconf 90' lang='lat' dir='ltr'><strong>item</strong></span> <span class='ocrx_word' id='word_1_43' title='bbox 514 763 568 821; x_wconf 84' lang='lat' dir='ltr'><strong>iam</strong></span> <span class='ocrx_word' id='word_1_44' title='bbox 578 762 703 821; x_wconf 83' lang='lat' dir='ltr'><strong>materiai</strong></span> 
     </span>
    </p>

    <p class='ocr_par' dir='ltr' id='par_1_4' title="bbox 78 843 877 1095">
     <span class='ocr_line' id='line_1_8' title="bbox 78 843 794 925; baseline -0.01 -14"><span class='ocrx_word' id='word_1_45' title='bbox 78 857 146 911; x_wconf 75' lang='grc'><strong>1000</strong></span> <span class='ocrx_word' id='word_1_46' title='bbox 161 844 320 925; x_wconf 81' lang='lat' dir='ltr'><strong>[intervalla</strong></span> <span class='ocrx_word' id='word_1_47' title='bbox 331 847 392 908; x_wconf 80' lang='lat' dir='ltr'><strong>vias</strong></span> <span class='ocrx_word' id='word_1_48' title='bbox 405 847 533 907; x_wconf 81' lang='lat' dir='ltr'><strong>conexus</strong></span> <span class='ocrx_word' id='word_1_49' title='bbox 545 845 671 925; x_wconf 82' lang='lat' dir='ltr'><strong>pondera</strong></span> <span class='ocrx_word' id='word_1_50' title='bbox 683 843 794 924; x_wconf 79' lang='lat' dir='ltr'><strong>plagas]</strong></span> 
     </span>
     <span class='ocr_line' id='line_1_9' title="bbox 164 930 764 1010; baseline -0.003 -18"><span class='ocrx_word' id='word_1_51' title='bbox 164 948 321 992; x_wconf 81' lang='lat' dir='ltr'><strong>concursus</strong></span> <span class='ocrx_word' id='word_1_52' title='bbox 330 940 423 992; x_wconf 84' lang='lat' dir='ltr'><strong>motus</strong></span> <span class='ocrx_word' id='word_1_53' title='bbox 436 930 505 991; x_wconf 93' lang='lat' dir='ltr'><strong>ordo</strong></span> <span class='ocrx_word' id='word_1_54' title='bbox 519 933 646 1010; x_wconf 81' lang='lat' dir='ltr'><strong>positura</strong></span> <span class='ocrx_word' id='word_1_55' title='bbox 658 931 764 1008; x_wconf 78' lang='lat' dir='ltr'><strong>figurae</strong></span> 
     </span>
     <span class='ocr_line' id='line_1_10' title="bbox 164 1014 877 1095; baseline -0.007 -18"><span class='ocrx_word' id='word_1_56' title='bbox 164 1034 228 1077; x_wconf 89' lang='lat' dir='ltr'><strong>curn</strong></span> <span class='ocrx_word' id='word_1_57' title='bbox 240 1025 449 1095; x_wconf 79' lang='lat' dir='ltr'>permutantur,</span> <span class='ocrx_word' id='word_1_58' title='bbox 465 1017 564 1076; x_wconf 80' lang='lat' dir='ltr'><strong>mutari</strong></span> <span class='ocrx_word' id='word_1_59' title='bbox 574 1034 622 1076; x_wconf 85' lang='lat' dir='ltr'><strong>res</strong></span> <span class='ocrx_word' id='word_1_60' title='bbox 636 1022 750 1094; x_wconf 81' lang='lat' dir='ltr'><strong>quoque</strong></span> <span class='ocrx_word' id='word_1_61' title='bbox 763 1014 877 1074; x_wconf 89' lang='lat' dir='ltr'><strong>debent.</strong></span> 
     </span>
    </p>

    <p class='ocr_par' dir='ltr' id='par_1_5' title="bbox 162 1097 939 1254">
     <span class='ocr_line' id='line_1_11' title="bbox 204 1097 939 1162; baseline -0.004 -2"><span class='ocrx_word' id='word_1_62' title='bbox 204 1099 287 1161; x_wconf 90' lang='lat' dir='ltr'><strong>Nunc</strong></span> <span class='ocrx_word' id='word_1_63' title='bbox 299 1102 418 1162; x_wconf 84' lang='lat' dir='ltr'><strong>animum</strong></span> <span class='ocrx_word' id='word_1_64' title='bbox 428 1101 511 1162; x_wconf 88' lang='lat' dir='ltr'><strong>nobis</strong></span> <span class='ocrx_word' id='word_1_65' title='bbox 524 1099 625 1161; x_wconf 83' lang='lat' dir='ltr'>adhibe</span> <span class='ocrx_word' id='word_1_66' title='bbox 636 1117 733 1159; x_wconf 80' lang='lat' dir='ltr'><strong>veram</strong></span> <span class='ocrx_word' id='word_1_67' title='bbox 747 1097 783 1158; x_wconf 86' lang='lat' dir='ltr'><strong>nd</strong></span> <span class='ocrx_word' id='word_1_68' title='bbox 793 1099 939 1158; x_wconf 86' lang='lat' dir='ltr'><strong>rationem.</strong></span> 
     </span>
     <span class='ocr_line' id='line_1_12' title="bbox 162 1182 852 1254; baseline -0.003 -9"><span class='ocrx_word' id='word_1_69' title='bbox 162 1204 225 1245; x_wconf 83' lang='lat' dir='ltr'><strong>narn</strong></span> <span class='ocrx_word' id='word_1_70' title='bbox 236 1184 286 1245; x_wconf 89' lang='lat' dir='ltr'><strong>tibi</strong></span> <span class='ocrx_word' id='word_1_71' title='bbox 297 1195 445 1254; x_wconf 74' lang='lat' dir='ltr'><strong>sementen</strong></span> <span class='ocrx_word' id='word_1_72' title='bbox 457 1202 530 1245; x_wconf 81' lang='lat' dir='ltr'><strong>nova</strong></span> <span class='ocrx_word' id='word_1_73' title='bbox 541 1203 590 1245; x_wconf 95' lang='lat' dir='ltr'><strong>res</strong></span> <span class='ocrx_word' id='word_1_74' title='bbox 607 1183 721 1244; x_wconf 88' lang='lat' dir='ltr'><strong>molitur</strong></span> <span class='ocrx_word' id='word_1_75' title='bbox 731 1182 766 1243; x_wconf 83' lang='lat' dir='ltr'><strong>ad</strong></span> <span class='ocrx_word' id='word_1_76' title='bbox 777 1184 852 1243; x_wconf 82' lang='lat' dir='ltr'><strong>nuris</strong></span> 
     </span>
    </p>

    <p class='ocr_par' dir='ltr' id='par_1_6' title="bbox 79 1268 955 1687">
     <span class='ocr_line' id='line_1_13' title="bbox 79 1268 880 1348; baseline -0.012 -13"><span class='ocrx_word' id='word_1_77' title='bbox 79 1281 146 1335; x_wconf 79' lang='lat'><strong>1025</strong></span> <span class='ocrx_word' id='word_1_78' title='bbox 162 1268 295 1330; x_wconf 87' lang='lat' dir='ltr'><strong>accidere</strong></span> <span class='ocrx_word' id='word_1_79' title='bbox 308 1279 337 1330; x_wconf 91' lang='lat' dir='ltr'><strong>et</strong></span> <span class='ocrx_word' id='word_1_80' title='bbox 348 1287 422 1330; x_wconf 86' lang='lat' dir='ltr'><strong>nova</strong></span> <span class='ocrx_word' id='word_1_81' title='bbox 433 1289 465 1330; x_wconf 92' lang='lat' dir='ltr'><strong>se</strong></span> <span class='ocrx_word' id='word_1_82' title='bbox 478 1271 594 1348; x_wconf 86' lang='lat' dir='ltr'><strong>species</strong></span> <span class='ocrx_word' id='word_1_83' title='bbox 608 1268 762 1329; x_wconf 80' lang='lat' dir='ltr'><strong>ostendere</strong></span> <span class='ocrx_word' id='word_1_84' title='bbox 777 1285 880 1327; x_wconf 88' lang='lat' dir='ltr'><strong>rerum.</strong></span> 
     </span>
     <span class='ocr_line' id='line_1_14' title="bbox 162 1352 955 1432; baseline -0.008 -17"><span class='ocrx_word' id='word_1_85' title='bbox 162 1353 215 1415; x_wconf 90' lang='lat' dir='ltr'><strong>sed</strong></span> <span class='ocrx_word' id='word_1_86' title='bbox 227 1373 321 1432; x_wconf 89' lang='lat' dir='ltr'><strong>neque</strong></span> <span class='ocrx_word' id='word_1_87' title='bbox 335 1363 391 1414; x_wconf 81' lang='lat' dir='ltr'><strong>tans</strong></span> <span class='ocrx_word' id='word_1_88' title='bbox 402 1353 495 1414; x_wconf 84' lang='lat' dir='ltr'><strong>facilis</strong></span> <span class='ocrx_word' id='word_1_89' title='bbox 507 1372 554 1414; x_wconf 85' lang='lat' dir='ltr'><strong>res</strong></span> <span class='ocrx_word' id='word_1_90' title='bbox 566 1352 623 1413; x_wconf 85' lang='lat' dir='ltr'><strong>uiin</strong></span> <span class='ocrx_word' id='word_1_91' title='bbox 635 1362 697 1430; x_wconf 86' lang='lat' dir='ltr'><strong>est,</strong></span> <span class='ocrx_word' id='word_1_92' title='bbox 711 1353 779 1432; x_wconf 91' lang='lat' dir='ltr'><strong>quin</strong></span> <span class='ocrx_word' id='word_1_93' title='bbox 790 1353 955 1431; x_wconf 83' lang='lat' dir='ltr'><strong>caprimum</strong></span> 
     </span>
     <span class='ocr_line' id='line_1_15' title="bbox 163 1437 908 1516; baseline -0.007 -17"><span class='ocrx_word' id='word_1_94' title='bbox 163 1438 287 1499; x_wconf 79' lang='lat' dir='ltr'><strong>difficilis</strong></span> <span class='ocrx_word' id='word_1_95' title='bbox 299 1440 390 1516; x_wconf 83' lang='lat' dir='ltr'><strong>magis</strong></span> <span class='ocrx_word' id='word_1_96' title='bbox 403 1437 438 1498; x_wconf 87' lang='lat' dir='ltr'><strong>ad</strong></span> <span class='ocrx_word' id='word_1_97' title='bbox 451 1437 623 1498; x_wconf 91' lang='lat' dir='ltr'><strong>credendum</strong></span> <span class='ocrx_word' id='word_1_98' title='bbox 635 1446 764 1515; x_wconf 86' lang='lat' dir='ltr'><strong>constet,</strong></span> <span class='ocrx_word' id='word_1_99' title='bbox 782 1439 908 1516; x_wconf 88' lang='lat' dir='ltr'><strong>itemque</strong></span> 
     </span>
     <span class='ocr_line' id='line_1_16' title="bbox 162 1520 922 1602; baseline -0.004 -20"><span class='ocrx_word' id='word_1_100' title='bbox 162 1522 201 1582; x_wconf 92' lang='lat' dir='ltr'><strong>nii</strong></span> <span class='ocrx_word' id='word_1_101' title='bbox 212 1522 285 1583; x_wconf 81' lang='lat' dir='ltr'><strong>adeo</strong></span> <span class='ocrx_word' id='word_1_102' title='bbox 297 1541 428 1600; x_wconf 83' lang='lat' dir='ltr'><strong>magnum</strong></span> <span class='ocrx_word' id='word_1_103' title='bbox 439 1541 533 1602; x_wconf 91' lang='lat' dir='ltr'><strong>neque</strong></span> <span class='ocrx_word' id='word_1_104' title='bbox 546 1530 601 1582; x_wconf 83' lang='lat' dir='ltr'><strong>tarn</strong></span> <span class='ocrx_word' id='word_1_105' title='bbox 613 1520 740 1582; x_wconf 84' lang='lat' dir='ltr'><strong>mirabile</strong></span> <span class='ocrx_word' id='word_1_106' title='bbox 756 1523 922 1600; x_wconf 80' lang='lat' dir='ltr'><strong>quicquum,</strong></span> 
     </span>
     <span class='ocr_line' id='line_1_17' title="bbox 164 1605 833 1687; baseline -0.003 -20"><span class='ocrx_word' id='word_1_107' title='bbox 164 1606 240 1687; x_wconf 90' lang='lat' dir='ltr'><strong>quod</strong></span> <span class='ocrx_word' id='word_1_108' title='bbox 254 1624 311 1667; x_wconf 94' lang='lat' dir='ltr'><strong>non</strong></span> <span class='ocrx_word' id='word_1_109' title='bbox 323 1605 455 1686; x_wconf 83' lang='lat' dir='ltr'><strong>paulatim</strong></span> <span class='ocrx_word' id='word_1_110' title='bbox 466 1609 573 1667; x_wconf 85' lang='lat' dir='ltr'><strong>mittant</strong></span> <span class='ocrx_word' id='word_1_111' title='bbox 585 1608 711 1667; x_wconf 82' lang='lat' dir='ltr'><strong>mirarier</strong></span> <span class='ocrx_word' id='word_1_112' title='bbox 725 1623 833 1666; x_wconf 89' lang='lat' dir='ltr'><strong>omnes.</strong></span> 
     </span>
    </p>

    <p class='ocr_par' dir='ltr' id='par_1_7' title="bbox 80 1689 903 2109">
     <span class='ocr_line' id='line_1_18' title="bbox 80 1689 833 1771; baseline -0.011 -13"><span class='ocrx_word' id='word_1_113' title='bbox 80 1702 148 1758; x_wconf 87' lang='grc'><strong>1030</strong></span> <span class='ocrx_word' id='word_1_114' title='bbox 164 1694 303 1771; x_wconf 90' lang='lat' dir='ltr'><strong>suspicito</strong></span> <span class='ocrx_word' id='word_1_115' title='bbox 317 1691 389 1752; x_wconf 83' lang='lat' dir='ltr'><strong>caeli</strong></span> <span class='ocrx_word' id='word_1_116' title='bbox 401 1691 507 1752; x_wconf 83' lang='lat' dir='ltr'><strong>clarum</strong></span> <span class='ocrx_word' id='word_1_117' title='bbox 518 1709 676 1770; x_wconf 74' lang='lat' dir='ltr'><strong>purumque</strong></span> <span class='ocrx_word' id='word_1_118' title='bbox 689 1689 833 1767; x_wconf 89' lang='lat' dir='ltr'><strong>colorem,</strong></span> 
     </span>
     <span class='ocr_line' id='line_1_19' title="bbox 165 1775 903 1857; baseline 0 -21"><span class='ocrx_word' id='word_1_119' title='bbox 165 1796 296 1857; x_wconf 86' lang='lat' dir='ltr'><strong>quaeque</strong></span> <span class='ocrx_word' id='word_1_120' title='bbox 308 1778 336 1836; x_wconf 92' lang='lat' dir='ltr'><strong>in</strong></span> <span class='ocrx_word' id='word_1_121' title='bbox 348 1796 381 1838; x_wconf 92' lang='lat' dir='ltr'><strong>se</strong></span> <span class='ocrx_word' id='word_1_122' title='bbox 395 1775 528 1854; x_wconf 80' lang='lat' dir='ltr'><strong>cohibet,</strong></span> <span class='ocrx_word' id='word_1_123' title='bbox 542 1776 663 1855; x_wconf 82' lang='lat' dir='ltr'><strong>palentin</strong></span> <span class='ocrx_word' id='word_1_124' title='bbox 674 1775 768 1846; x_wconf 80' lang='lat' dir='ltr'><strong>sidera</strong></span> <span class='ocrx_word' id='word_1_125' title='bbox 780 1776 903 1854; x_wconf 80' lang='lat' dir='ltr'><strong>possim,</strong></span> 
     </span>
     <span class='ocr_line' id='line_1_20' title="bbox 165 1860 826 1940; baseline -0.002 -18"><span class='ocrx_word' id='word_1_126' title='bbox 165 1862 315 1940; x_wconf 84' lang='lat' dir='ltr'><strong>lunamque</strong></span> <span class='ocrx_word' id='word_1_127' title='bbox 327 1871 356 1922; x_wconf 94' lang='lat' dir='ltr'><strong>et</strong></span> <span class='ocrx_word' id='word_1_128' title='bbox 368 1860 438 1923; x_wconf 93' lang='lat' dir='ltr'><strong>solis</strong></span> <span class='ocrx_word' id='word_1_129' title='bbox 451 1861 598 1940; x_wconf 83' lang='lat' dir='ltr'><strong>praeclara</strong></span> <span class='ocrx_word' id='word_1_130' title='bbox 612 1860 678 1921; x_wconf 89' lang='lat' dir='ltr'><strong>luce</strong></span> <span class='ocrx_word' id='word_1_131' title='bbox 690 1863 826 1929; x_wconf 88' lang='lat' dir='ltr'><strong>nitorem;</strong></span> 
     </span>
     <span class='ocr_line' id='line_1_21' title="bbox 165 1944 888 2025; baseline -0.003 -19"><span class='ocrx_word' id='word_1_132' title='bbox 165 1948 256 2007; x_wconf 84' lang='lat' dir='ltr'><strong>omnia</strong></span> <span class='ocrx_word' id='word_1_133' title='bbox 270 1964 342 2024; x_wconf 86' lang='lat' dir='ltr'><strong>quae</strong></span> <span class='ocrx_word' id='word_1_134' title='bbox 355 1965 429 2006; x_wconf 90' lang='lat' dir='ltr'><strong>nnnc</strong></span> <span class='ocrx_word' id='word_1_135' title='bbox 443 1948 467 2006; x_wconf 94' lang='lat' dir='ltr'><strong>si</strong></span> <span class='ocrx_word' id='word_1_136' title='bbox 480 1947 598 2025; x_wconf 87' lang='lat' dir='ltr'><strong>primurn</strong></span> <span class='ocrx_word' id='word_1_137' title='bbox 610 1944 776 2006; x_wconf 80' lang='lat' dir='ltr'><strong>mortalibus</strong></span> <span class='ocrx_word' id='word_1_138' title='bbox 789 1953 888 2006; x_wconf 89' lang='lat' dir='ltr'><strong>essent</strong></span> 
     </span>
     <span class='ocr_line' id='line_1_22' title="bbox 165 2031 725 2109; baseline -0.002 -19"><span class='ocrx_word' id='word_1_139' title='bbox 165 2049 202 2090; x_wconf 86' lang='lat' dir='ltr'><strong>ex</strong></span> <span class='ocrx_word' id='word_1_140' title='bbox 214 2032 359 2109; x_wconf 86' lang='lat' dir='ltr'><strong>inproviso</strong></span> <span class='ocrx_word' id='word_1_141' title='bbox 370 2032 433 2090; x_wconf 85' lang='lat' dir='ltr'><strong>visu</strong></span> <span class='ocrx_word' id='word_1_142' title='bbox 447 2031 576 2090; x_wconf 82' lang='lat' dir='ltr'><strong>subiecta</strong></span> <span class='ocrx_word' id='word_1_143' title='bbox 587 2038 725 2107; x_wconf 85' lang='lat' dir='ltr'><strong>repente,</strong></span> 
     </span>
    </p>

    <p class='ocr_par' dir='ltr' id='par_1_8' title="bbox 81 2111 972 2531">
     <span class='ocr_line' id='line_1_23' title="bbox 81 2111 839 2194; baseline -0.009 -15"><span class='ocrx_word' id='word_1_144' title='bbox 81 2126 148 2179; x_wconf 84' lang='grc'><strong>1035</strong></span> <span class='ocrx_word' id='word_1_145' title='bbox 165 2113 232 2194; x_wconf 89' lang='lat' dir='ltr'><strong>qnid</strong></span> <span class='ocrx_word' id='word_1_146' title='bbox 243 2116 332 2191; x_wconf 82' lang='lat' dir='ltr'><strong>magis</strong></span> <span class='ocrx_word' id='word_1_147' title='bbox 345 2114 389 2173; x_wconf 91' lang='lat' dir='ltr'><strong>his</strong></span> <span class='ocrx_word' id='word_1_148' title='bbox 401 2113 488 2174; x_wconf 86' lang='lat' dir='ltr'><strong>rebus</strong></span> <span class='ocrx_word' id='word_1_149' title='bbox 500 2122 613 2191; x_wconf 82' lang='lat' dir='ltr'><strong>poterat</strong></span> <span class='ocrx_word' id='word_1_150' title='bbox 624 2111 751 2173; x_wconf 83' lang='lat' dir='ltr'><strong>mirabile</strong></span> <span class='ocrx_word' id='word_1_151' title='bbox 766 2113 839 2190; x_wconf 88' lang='lat' dir='ltr'><strong>dici,</strong></span> 
     </span>
     <span class='ocr_line' id='line_1_24' title="bbox 165 2193 972 2276; baseline -0.002 -18"><span class='ocrx_word' id='word_1_152' title='bbox 165 2199 312 2258; x_wconf 86' lang='lat' dir='ltr'><strong>autminus</strong></span> <span class='ocrx_word' id='word_1_153' title='bbox 324 2207 388 2258; x_wconf 83' lang='lat' dir='ltr'><strong>ante</strong></span> <span class='ocrx_word' id='word_1_154' title='bbox 405 2196 481 2276; x_wconf 91' lang='lat' dir='ltr'><strong>qnod</strong></span> <span class='ocrx_word' id='word_1_155' title='bbox 493 2197 629 2258; x_wconf 85' lang='lat' dir='ltr'><strong>auderent</strong></span> <span class='ocrx_word' id='word_1_156' title='bbox 639 2196 702 2258; x_wconf 85' lang='lat' dir='ltr'><strong>iore</strong></span> <span class='ocrx_word' id='word_1_157' title='bbox 714 2197 835 2258; x_wconf 90' lang='lat' dir='ltr'><strong>credere</strong></span> <span class='ocrx_word' id='word_1_158' title='bbox 847 2193 972 2275; x_wconf 77' lang='lat' dir='ltr'><strong>gentes?</strong></span> 
     </span>
     <span class='ocr_line' id='line_1_25' title="bbox 164 2280 913 2361; baseline -0.003 -19"><span class='ocrx_word' id='word_1_159' title='bbox 164 2282 221 2359; x_wconf 83' lang='lat' dir='ltr'><strong>nil,</strong></span> <span class='ocrx_word' id='word_1_160' title='bbox 235 2291 264 2342; x_wconf 92' lang='lat' dir='ltr'><strong>ut</strong></span> <span class='ocrx_word' id='word_1_161' title='bbox 275 2284 392 2361; x_wconf 87' lang='lat' dir='ltr'><strong>opinor:</strong></span> <span class='ocrx_word' id='word_1_162' title='bbox 403 2285 442 2343; x_wconf 86' lang='lat' dir='ltr'><strong>ita</strong></span> <span class='ocrx_word' id='word_1_163' title='bbox 453 2280 525 2342; x_wconf 82' lang='lat' dir='ltr'><strong>haec</strong></span> <span class='ocrx_word' id='word_1_164' title='bbox 538 2283 655 2361; x_wconf 91' lang='lat' dir='ltr'><strong>species</strong></span> <span class='ocrx_word' id='word_1_165' title='bbox 667 2281 790 2342; x_wconf 81' lang='lat' dir='ltr'><strong>miranda</strong></span> <span class='ocrx_word' id='word_1_166' title='bbox 801 2283 913 2343; x_wconf 87' lang='lat' dir='ltr'><strong>inisset.</strong></span> 
     </span>
     <span class='ocr_line' id='line_1_26' title="bbox 166 2366 849 2447; baseline 0.003 -21"><span class='ocrx_word' id='word_1_167' title='bbox 166 2385 248 2447; x_wconf 83' lang='lat' dir='ltr'><strong>quern</strong></span> <span class='ocrx_word' id='word_1_168' title='bbox 259 2367 310 2428; x_wconf 85' lang='lat' dir='ltr'><strong>tihi</strong></span> <span class='ocrx_word' id='word_1_169' title='bbox 323 2368 376 2427; x_wconf 85' lang='lat' dir='ltr'><strong>iarn</strong></span> <span class='ocrx_word' id='word_1_170' title='bbox 387 2384 488 2445; x_wconf 86' lang='lat' dir='ltr'><strong>uerno,</strong></span> <span class='ocrx_word' id='word_1_171' title='bbox 502 2367 598 2428; x_wconf 83' lang='lat' dir='ltr'><strong>fessus</strong></span> <span class='ocrx_word' id='word_1_172' title='bbox 610 2368 710 2428; x_wconf 80' lang='lat' dir='ltr'><strong>satiate</strong></span> <span class='ocrx_word' id='word_1_173' title='bbox 721 2366 849 2444; x_wconf 79' lang='lat' dir='ltr'><strong>videndi,</strong></span> 
     </span>
     <span class='ocr_line' id='line_1_27' title="bbox 165 2449 815 2531; baseline -0.002 -19"><span class='ocrx_word' id='word_1_174' title='bbox 165 2454 315 2531; x_wconf 88' lang='lat' dir='ltr'><strong>suspicere</strong></span> <span class='ocrx_word' id='word_1_175' title='bbox 328 2453 355 2511; x_wconf 90' lang='lat' dir='ltr'><strong>in</strong></span> <span class='ocrx_word' id='word_1_176' title='bbox 368 2451 440 2513; x_wconf 83' lang='lat' dir='ltr'><strong>caeli</strong></span> <span class='ocrx_word' id='word_1_177' title='bbox 452 2452 581 2530; x_wconf 84' lang='lat' dir='ltr'><strong>dignatur</strong></span> <span class='ocrx_word' id='word_1_178' title='bbox 592 2451 685 2512; x_wconf 83' lang='lat' dir='ltr'><strong>lucida</strong></span> <span class='ocrx_word' id='word_1_179' title='bbox 696 2449 815 2530; x_wconf 85' lang='lat' dir='ltr'><strong>templa!</strong></span> 
     </span>
    </p>

    <p class='ocr_par' dir='ltr' id='par_1_9' title="bbox 84 2536 962 2953">
     <span class='ocr_line' id='line_1_28' title="bbox 84 2536 825 2616; baseline -0.008 -16"><span class='ocrx_word' id='word_1_180' title='bbox 84 2545 150 2602; x_wconf 78' lang='lat'>1040</span> <span class='ocrx_word' id='word_1_181' title='bbox 166 2536 265 2598; x_wconf 90' lang='lat' dir='ltr'><strong>desine</strong></span> <span class='ocrx_word' id='word_1_182' title='bbox 279 2546 454 2616; x_wconf 87' lang='lat' dir='ltr'><strong>quapropter</strong></span> <span class='ocrx_word' id='word_1_183' title='bbox 463 2539 587 2597; x_wconf 79' lang='lat' dir='ltr'><strong>novitate</strong></span> <span class='ocrx_word' id='word_1_184' title='bbox 601 2538 752 2596; x_wconf 85' lang='lat' dir='ltr'><strong>exterritus</strong></span> <span class='ocrx_word' id='word_1_185' title='bbox 764 2539 825 2614; x_wconf 85' lang='lat' dir='ltr'><strong>ipsa</strong></span> 
     </span>
     <span class='ocr_line' id='line_1_29' title="bbox 166 2619 845 2700; baseline -0.003 -20"><span class='ocrx_word' id='word_1_186' title='bbox 166 2640 293 2700; x_wconf 85' lang='lat' dir='ltr'><strong>expuere</strong></span> <span class='ocrx_word' id='word_1_187' title='bbox 307 2624 445 2681; x_wconf 84' lang='lat' dir='ltr'><strong>exanimo</strong></span> <span class='ocrx_word' id='word_1_188' title='bbox 457 2622 609 2697; x_wconf 85' lang='lat' dir='ltr'><strong>rationem,</strong></span> <span class='ocrx_word' id='word_1_189' title='bbox 623 2619 676 2679; x_wconf 91' lang='lat' dir='ltr'><strong>sed</strong></span> <span class='ocrx_word' id='word_1_190' title='bbox 688 2622 776 2698; x_wconf 84' lang='lat' dir='ltr'><strong>magis</strong></span> <span class='ocrx_word' id='word_1_191' title='bbox 788 2623 845 2680; x_wconf 84' lang='lat' dir='ltr'><strong>acri</strong></span> 
     </span>
     <span class='ocr_line' id='line_1_30' title="bbox 166 2703 829 2784; baseline 0 -20"><span class='ocrx_word' id='word_1_192' title='bbox 166 2706 270 2766; x_wconf 90' lang='lat' dir='ltr'><strong>iudicio</strong></span> <span class='ocrx_word' id='word_1_193' title='bbox 284 2704 449 2783; x_wconf 86' lang='lat' dir='ltr'><strong>perpende,</strong></span> <span class='ocrx_word' id='word_1_194' title='bbox 463 2705 528 2764; x_wconf 91' lang='lat' dir='ltr'><strong>etsi</strong></span> <span class='ocrx_word' id='word_1_195' title='bbox 542 2704 592 2764; x_wconf 87' lang='lat' dir='ltr'><strong>tibi</strong></span> <span class='ocrx_word' id='word_1_196' title='bbox 604 2722 671 2763; x_wconf 83' lang='lat' dir='ltr'><strong>vera</strong></span> <span class='ocrx_word' id='word_1_197' title='bbox 683 2703 829 2784; x_wconf 79' lang='lat' dir='ltr'><strong>videntur,</strong></span> 
     </span>
     <span class='ocr_line' id='line_1_31' title="bbox 167 2786 954 2868; baseline 0 -19"><span class='ocrx_word' id='word_1_198' title='bbox 167 2789 367 2865; x_wconf 70' lang='lat' dir='ltr'><strong>dedemus,</strong></span> <span class='ocrx_word' id='word_1_199' title='bbox 380 2796 443 2865; x_wconf 84' lang='lat' dir='ltr'><strong>eut,</strong></span> <span class='ocrx_word' id='word_1_200' title='bbox 457 2786 668 2867; x_wconf 79' lang='grc' dir='ltr'><strong>1110101111οε1,</strong></span> <span class='ocrx_word' id='word_1_201' title='bbox 682 2791 835 2868; x_wconf 72' lang='lat' dir='ltr'><strong>accingere</strong></span> <span class='ocrx_word' id='word_1_202' title='bbox 848 2800 954 2850; x_wconf 80' lang='lat' dir='ltr'><strong>contra.</strong></span> 
     </span>
     <span class='ocr_line' id='line_1_32' title="bbox 167 2873 962 2953; baseline 0.003 -21"><span class='ocrx_word' id='word_1_203' title='bbox 167 2874 276 2953; x_wconf 85' lang='lat' dir='ltr'><strong>quaerit</strong></span> <span class='ocrx_word' id='word_1_204' title='bbox 288 2875 362 2932; x_wconf 87' lang='lat' dir='ltr'><strong>eninr</strong></span> <span class='ocrx_word' id='word_1_205' title='bbox 373 2874 510 2933; x_wconf 82' lang='lat' dir='ltr'><strong>rationem</strong></span> <span class='ocrx_word' id='word_1_206' title='bbox 521 2875 646 2950; x_wconf 78' lang='lat' dir='ltr'><strong>animus,</strong></span> <span class='ocrx_word' id='word_1_207' title='bbox 661 2891 725 2933; x_wconf 86' lang='lat' dir='ltr'><strong>cunr</strong></span> <span class='ocrx_word' id='word_1_208' title='bbox 738 2893 844 2935; x_wconf 86' lang='lat' dir='ltr'><strong>summa</strong></span> <span class='ocrx_word' id='word_1_209' title='bbox 855 2873 912 2935; x_wconf 90' lang='lat' dir='ltr'><strong>loci</strong></span> <span class='ocrx_word' id='word_1_210' title='bbox 925 2875 962 2935; x_wconf 94' lang='lat' dir='ltr'><strong>sit</strong></span> 
     </span>
    </p>

    <p class='ocr_par' dir='ltr' id='par_1_10' title="bbox 84 2955 981 3208">
     <span class='ocr_line' id='line_1_33' title="bbox 84 2955 770 3036; baseline -0.009 -13"><span class='ocrx_word' id='word_1_211' title='bbox 84 2967 150 3023; x_wconf 78' lang='lat'>1045</span> <span class='ocrx_word' id='word_1_212' title='bbox 166 2958 271 3017; x_wconf 85' lang='lat' dir='ltr'><strong>infinita</strong></span> <span class='ocrx_word' id='word_1_213' title='bbox 282 2957 351 3018; x_wconf 85' lang='lat' dir='ltr'><strong>ioris</strong></span> <span class='ocrx_word' id='word_1_214' title='bbox 362 2955 435 3018; x_wconf 83' lang='lat' dir='ltr'><strong>haec</strong></span> <span class='ocrx_word' id='word_1_215' title='bbox 447 2967 527 3018; x_wconf 84' lang='lat' dir='ltr'><strong>extra</strong></span> <span class='ocrx_word' id='word_1_216' title='bbox 538 2959 649 3021; x_wconf 84' lang='lat' dir='ltr'><strong>moenia</strong></span> <span class='ocrx_word' id='word_1_217' title='bbox 660 2958 770 3036; x_wconf 78' lang='lat' dir='ltr'><strong>mundi,</strong></span> 
     </span>
     <span class='ocr_line' id='line_1_34' title="bbox 167 3041 981 3123; baseline 0.004 -22"><span class='ocrx_word' id='word_1_218' title='bbox 167 3041 234 3123; x_wconf 91' lang='lat' dir='ltr'><strong>quid</strong></span> <span class='ocrx_word' id='word_1_219' title='bbox 246 3043 283 3103; x_wconf 91' lang='lat' dir='ltr'><strong>sit</strong></span> <span class='ocrx_word' id='word_1_220' title='bbox 294 3042 333 3103; x_wconf 85' lang='lat' dir='ltr'><strong>ihi</strong></span> <span class='ocrx_word' id='word_1_221' title='bbox 345 3059 449 3121; x_wconf 81' lang='lat' dir='ltr'><strong>porro,</strong></span> <span class='ocrx_word' id='word_1_222' title='bbox 464 3060 520 3122; x_wconf 91' lang='lat' dir='ltr'><strong>quo</strong></span> <span class='ocrx_word' id='word_1_223' title='bbox 531 3045 701 3122; x_wconf 90' lang='lat' dir='ltr'><strong>prospicere</strong></span> <span class='ocrx_word' id='word_1_224' title='bbox 713 3061 804 3121; x_wconf 87' lang='lat' dir='ltr'><strong>usque</strong></span> <span class='ocrx_word' id='word_1_225' title='bbox 817 3042 887 3104; x_wconf 87' lang='lat' dir='ltr'><strong>velit</strong></span> <span class='ocrx_word' id='word_1_226' title='bbox 898 3061 981 3104; x_wconf 84' lang='lat' dir='ltr'><strong>mens</strong></span> 
     </span>
     <span class='ocr_line' id='line_1_35' title="bbox 167 3126 835 3208; baseline -0.001 -22"><span class='ocrx_word' id='word_1_227' title='bbox 167 3136 252 3206; x_wconf 87' lang='lat' dir='ltr'><strong>atque</strong></span> <span class='ocrx_word' id='word_1_228' title='bbox 264 3128 346 3186; x_wconf 80' lang='lat' dir='ltr'><strong>enimi</strong></span> <span class='ocrx_word' id='word_1_229' title='bbox 359 3130 449 3189; x_wconf 79' lang='lat' dir='ltr'><strong>iactus</strong></span> <span class='ocrx_word' id='word_1_230' title='bbox 462 3127 535 3188; x_wconf 92' lang='lat' dir='ltr'><strong>liber</strong></span> <span class='ocrx_word' id='word_1_231' title='bbox 547 3145 604 3208; x_wconf 86' lang='lat' dir='ltr'><strong>quo</strong></span> <span class='ocrx_word' id='word_1_232' title='bbox 618 3126 750 3207; x_wconf 80' lang='lat' dir='ltr'><strong>pervolet</strong></span> <span class='ocrx_word' id='word_1_233' title='bbox 762 3131 835 3207; x_wconf 89' lang='lat' dir='ltr'><strong>ipsc.</strong></span> 
     </span>
    </p>

    <p class='ocr_par' dir='ltr' id='par_1_11' title="bbox 210 3211 847 3291">
     <span class='ocr_line' id='line_1_36' title="bbox 210 3211 847 3291; baseline 0.002 -19"><span class='ocrx_word' id='word_1_234' title='bbox 210 3211 350 3291; x_wconf 90' lang='lat' dir='ltr'><strong>Principio</strong></span> <span class='ocrx_word' id='word_1_235' title='bbox 362 3212 444 3273; x_wconf 84' lang='lat' dir='ltr'><strong>nohis</strong></span> <span class='ocrx_word' id='word_1_236' title='bbox 456 3214 484 3273; x_wconf 90' lang='lat' dir='ltr'><strong>in</strong></span> <span class='ocrx_word' id='word_1_237' title='bbox 497 3222 613 3274; x_wconf 85' lang='lat' dir='ltr'><strong>cunctas</strong></span> <span class='ocrx_word' id='word_1_238' title='bbox 626 3211 749 3291; x_wconf 91' lang='lat' dir='ltr'><strong>undique</strong></span> <span class='ocrx_word' id='word_1_239' title='bbox 760 3214 847 3291; x_wconf 84' lang='lat' dir='ltr'><strong>partis</strong></span> 
     </span>
    </p>
   </div>
   <div class='ocr_carea' id='block_1_3' title="bbox 87 3295 919 3546">
    <p class='ocr_par' dir='ltr' id='par_1_12' title="bbox 87 3295 919 3546">
     <span class='ocr_line' id='line_1_37' title="bbox 168 3295 919 3377; baseline 0.001 -20"><span class='ocrx_word' id='word_1_240' title='bbox 168 3305 197 3357; x_wconf 88' lang='grc'><strong>01</strong></span> <span class='ocrx_word' id='word_1_241' title='bbox 209 3295 299 3358; x_wconf 87' lang='lat' dir='ltr'><strong>latere</strong></span> <span class='ocrx_word' id='word_1_242' title='bbox 312 3315 350 3358; x_wconf 83' lang='lat' dir='ltr'><strong>ex</strong></span> <span class='ocrx_word' id='word_1_243' title='bbox 360 3307 481 3377; x_wconf 89' lang='lat' dir='ltr'><strong>utroque</strong></span> <span class='ocrx_word' id='word_1_244' title='bbox 493 3317 591 3375; x_wconf 80' lang='lat' dir='ltr'><strong>supro</strong></span> <span class='ocrx_word' id='word_1_245' title='bbox 602 3306 759 3376; x_wconf 90' lang='lat' dir='ltr'><strong>supterque</strong></span> <span class='ocrx_word' id='word_1_246' title='bbox 770 3316 823 3376; x_wconf 95' lang='lat' dir='ltr'><strong>per</strong></span> <span class='ocrx_word' id='word_1_247' title='bbox 835 3315 919 3358; x_wconf 87' lang='lat' dir='ltr'><strong>omne</strong></span> 
     </span>
     <span class='ocr_line' id='line_1_38' title="bbox 87 3379 862 3461; baseline -0.001 -17"><span class='ocrx_word' id='word_1_248' title='bbox 87 3389 154 3445; x_wconf 80' lang='grc'><strong>1000</strong></span> <span class='ocrx_word' id='word_1_249' title='bbox 168 3379 246 3441; x_wconf 83' lang='lat' dir='ltr'><strong>nulla</strong></span> <span class='ocrx_word' id='word_1_250' title='bbox 257 3390 302 3443; x_wconf 86' lang='lat' dir='ltr'><strong>est</strong></span> <span class='ocrx_word' id='word_1_251' title='bbox 314 3382 391 3450; x_wconf 89' lang='lat' dir='ltr'><strong>iinis;</strong></span> <span class='ocrx_word' id='word_1_252' title='bbox 404 3385 443 3442; x_wconf 90' lang='lat' dir='ltr'><strong>nti</strong></span> <span class='ocrx_word' id='word_1_253' title='bbox 455 3383 556 3460; x_wconf 83' lang='lat' dir='ltr'><strong>docui,</strong></span> <span class='ocrx_word' id='word_1_254' title='bbox 570 3401 618 3444; x_wconf 92' lang='lat' dir='ltr'><strong>res</strong></span> <span class='ocrx_word' id='word_1_255' title='bbox 630 3384 750 3461; x_wconf 86' lang='lat' dir='ltr'><strong>ipsaque</strong></span> <span class='ocrx_word' id='word_1_256' title='bbox 763 3400 816 3461; x_wconf 90' lang='lat' dir='ltr'><strong>per</strong></span> <span class='ocrx_word' id='word_1_257' title='bbox 828 3401 862 3444; x_wconf 90' lang='lat' dir='ltr'><strong>se</strong></span> 
     </span>
     <span class='ocr_line' id='line_1_39' title="bbox 168 3465 772 3546; baseline -0.005 -22"><span class='ocrx_word' id='word_1_258' title='bbox 168 3465 357 3544; x_wconf 81' lang='lat' dir='ltr'><strong>vociferatur,</strong></span> <span class='ocrx_word' id='word_1_259' title='bbox 371 3477 400 3528; x_wconf 85' lang='lat' dir='ltr'><strong>et</strong></span> <span class='ocrx_word' id='word_1_260' title='bbox 413 3466 510 3530; x_wconf 87' lang='lat' dir='ltr'><strong>elucet</strong></span> <span class='ocrx_word' id='word_1_261' title='bbox 521 3477 620 3529; x_wconf 82' lang='lat' dir='ltr'><strong>natura</strong></span> <span class='ocrx_word' id='word_1_262' title='bbox 631 3466 772 3546; x_wconf 82' lang='lat' dir='ltr'><strong>profundi.</strong></span> 
     </span>
    </p>
   </div>
   <div class='ocr_carea' id='block_1_4' title="bbox 0 0 1158 3886">
    <p class='ocr_par' dir='ltr' id='par_1_13' title="bbox 0 0 1158 3886">
     <span class='ocr_line' id='line_1_40' title="bbox 0 0 1158 3886; baseline 0 0"><span class='ocrx_word' id='word_1_263' title='bbox 0 0 1158 3886; x_wconf 95' lang='lat' dir='ltr'><strong> </strong></span> 
     </span>
    </p>
   </div>
  </div>
 </body>
</html>
