2288 3886
553 169 568 230 l

70 346 124 402 975
144 353 265 415 quorum
276 344 424 415 utrumque
439 339 488 397 tibi
501 338 634 416 effugium
645 339 802 416 praecludit
814 349 842 400 et
854 357 936 399 omne

142 422 222 498 cogit
234 428 264 480 ut
276 430 407 498 exempta
420 422 563 481 concedas
578 423 631 481 dne
644 432 751 500 patere.

141 523 206 564 nam
218 506 280 564 sive
293 513 338 564 est
351 504 457 582 aliquid
469 504 545 583 quod
556 505 676 584 probeat
688 506 850 585 efficiatque
863 499 867 509 ’

142 606 200 668 quo
213 586 298 646 minu’
310 604 366 666 quo
377 590 492 648 missum
504 598 549 649 est
560 591 653 649 veniat
668 590 771 668 linique
783 588 861 649 locet
873 611 923 667 se,

142 675 206 735 sive
217 671 295 732 foras
306 671 414 748 fertur,
426 683 538 732 nonest
550 691 565 731 a
577 672 631 732 line
642 673 810 750 proiectum.

74 768 130 822 980
140 757 199 816 hoc
211 764 296 834 pacto
307 773 412 834 sequar
423 765 525 833 atque,
539 774 602 817 oras
616 757 784 835 ubicumque
796 757 900 817 locaris

142 850 303 915 extremas,
317 857 449 918 quaeram
461 838 527 917 quid
539 838 598 898 telo
612 840 734 918 deniqne
747 842 801 901 liat.

142 926 192 985 liet
204 925 243 983 uti
256 941 393 1002 nusquam
404 925 496 1003 possit
509 926 667 983 consistere
682 926 759 1001 linis,

143 1008 336 1086 effugiumque
348 1007 432 1084 fugae
446 1007 569 1085 prolatet
583 1009 665 1085 copia
677 1026 799 1089 semper.

184 1091 336 1152 Praeterea
349 1093 469 1169 spatium
481 1093 595 1150 summai
607 1095 692 1152 totius
705 1110 787 1151 omne

72 1187 128 1242 985
141 1175 266 1254 undique
278 1177 303 1235 si
314 1173 454 1235 inclusum
466 1177 552 1235 certis
566 1177 736 1236 consisteret
748 1178 805 1235 oris

143 1262 306 1339 finitumque
318 1260 409 1337 foret,
423 1262 477 1319 ianr
489 1261 569 1338 copia
582 1262 705 1320 materiai

143 1344 267 1422 undique
278 1343 452 1422 ponderibus
464 1342 562 1404 solidis
576 1344 719 1404 conlluxet
729 1344 763 1405 ad
775 1347 856 1404 imum
868 1391 876 1421 ,

141 1447 197 1490 nec
208 1446 256 1488 res
269 1426 326 1487 ulla
337 1429 400 1505 geri
414 1429 467 1488 sub
480 1427 553 1487 caeli
564 1431 689 1505 tegmine
702 1439 821 1508 posset,

142 1530 199 1573 nec
215 1512 291 1572 foret
303 1513 415 1570 omnino
429 1510 539 1571 caelum
551 1531 644 1590 neque
655 1512 758 1572 lumina
769 1513 853 1580 solis;

73 1608 130 1662 990
143 1598 250 1677 quippe
263 1597 312 1656 obi
322 1597 454 1656 materias
469 1598 556 1656 omnis
570 1596 708 1657 cumulata
719 1599 826 1658 iaceret

144 1700 181 1742 ex
193 1681 300 1740 infinito
313 1682 367 1739 iam
379 1689 507 1758 tempore
519 1681 701 1742 subsidendo.

142 1775 170 1826 at
181 1783 256 1824 nunc
266 1811 275 1842 ‚
286 1766 429 1841 nimirum,
443 1767 558 1843 requies
571 1764 633 1824 data
644 1767 843 1845 principiorum

143 1849 313 1928 corporibus
325 1848 447 1926 nullast,
461 1851 525 1927 quia
536 1848 574 1907 nil
588 1859 631 1908 est
643 1849 766 1909 funditus
778 1851 879 1925 imum,
911 1876 913 1880 v

143 1951 200 2014 quo
215 1935 294 2012 quasi
309 1933 453 1993 confluere
466 1942 495 1992 et
507 1932 592 1992 sedes
604 1933 652 1992 ubi
663 1951 771 2012 ponere
785 1935 905 2011 possint.

73 2028 128 2083 995
143 2036 261 2096 semper.
270 2019 297 2076 in
307 2016 424 2077 adsiduo
435 2027 512 2077 motu
523 2036 569 2078 res
581 2036 711 2096 quaeque
723 2026 860 2094 geruntur

142 2103 270 2182 partibus
282 2121 299 2161 e
312 2104 437 2179 cunctis,
450 2111 621 2180 aeternaque
637 2101 851 2181 suppeditantur
872 2156 875 2161 ,
917 2174 922 2184 ἱ

143 2205 180 2246 ex
190 2187 297 2245 infinito
310 2188 365 2245 cita
378 2203 499 2265 corpora
510 2188 642 2247 materiai.

185 2268 333 2331 Postremo
346 2280 410 2330 ante
424 2269 524 2331 oculos
535 2288 583 2332 res
594 2290 654 2332 rem
666 2274 744 2332 finire
756 2273 882 2332 videtur:

142 2361 192 2415 altr
203 2353 340 2432 dissaepit
352 2353 435 2415 collis
446 2363 531 2433 atque
543 2362 608 2414 aera
619 2366 747 2431 montes,

61 2451 131 2503 1000
145 2449 220 2500 terra
231 2447 348 2498 marcet
361 2448 457 2499 contra
470 2457 545 2499 mare
557 2449 646 2498 terras
660 2442 786 2498 terminat
798 2441 903 2499 omnis:

143 2541 225 2584 omne
238 2521 350 2602 quidem
362 2542 432 2584 vero
443 2523 482 2582 nil
494 2533 538 2584 est
551 2522 626 2601 qnod
639 2524 712 2582 liniat
725 2533 810 2583 extra.

143 2617 188 2668 est
200 2608 286 2685 igitur
297 2618 393 2668 natura
403 2607 461 2668 loci
474 2610 651 2686 spatiumque
664 2607 811 2685 profundi,

143 2690 220 2771 quod
231 2710 326 2770 neque
340 2691 415 2752 clara
426 2710 478 2753 suo
490 2710 660 2771 percurrere
670 2690 783 2752 fulmina
796 2710 880 2752 cursu

142 2785 285 2855 perpetuo
299 2778 409 2854 possint
420 2779 482 2836 aevi
495 2775 617 2836 labentia
628 2785 718 2835 tractu

63 2870 127 2922 1005
140 2878 195 2920 nec
207 2877 337 2938 prorsum
349 2860 445 2920 iacere
457 2870 487 2920 ut
504 2869 594 2920 restet
604 2861 693 2919 minus
704 2862 746 2921 ire
759 2860 891 2920 meando·

142 2963 233 3022 usquc
246 2943 317 3004 adeo
330 2947 434 3023 passim
446 2954 523 3024 patet
537 2946 640 3022 ingens
656 2947 736 3023 copia
748 2945 851 3020 rebus,
956 3021 958 3025 ἲ

143 3029 245 3089 linibus
259 3031 417 3107 exemptis,
430 3030 457 3087 in
470 3039 586 3088 cunctas
600 3028 722 3106 undique
733 3031 829 3107 partis.

143 3115 205 3191 ipsa
216 3111 328 3171 modum
340 3129 426 3191 porro
438 3113 491 3172 sibi
504 3130 597 3172 rerum
608 3130 714 3171 summa
725 3130 824 3191 parere

144 3215 179 3256 ne
191 3199 298 3275 possit,
311 3207 407 3257 natura
418 3206 513 3273 tenet,
528 3214 599 3274 quae
613 3213 717 3274 corpus
729 3198 802 3255 inani

66 3290 129 3343 1010
144 3290 173 3342 et
184 3281 260 3360 quod
272 3283 353 3341 inane
364 3290 458 3341 autem
471 3290 515 3341 est
527 3280 598 3339 liniri
611 3296 734 3358 corpore
747 3281 841 3356 cogit,

143 3375 172 3424 ut
185 3367 228 3425 sic
239 3364 355 3425 alternis
366 3365 470 3424 infinita
484 3365 573 3424 omnia
585 3362 692 3422 reddat.

143 3458 190 3511 aut
202 3451 286 3511 etiam
296 3449 477 3528 atterutrum,
490 3449 544 3508 nisi
555 3448 686 3506 terminet
699 3444 834 3524 alterum,
846 3464 944 3507 eorum

550 3577 566 3613 ἡ
