2288 3886
512 206 553 268 iv

125 373 270 436 adfirmant
280 371 369 450 volgo
380 375 517 434 taciturna
527 374 639 434 silentia
650 377 757 454 rumpi,

126 457 352 535 chordarumque
364 473 451 517 sonos
466 457 543 534 lieri,
557 456 706 537 dulcisque
719 457 881 539 querellas,
921 514 925 522 .

123 543 193 602 tibia
204 558 274 620 quas
285 539 375 599 fundit
387 540 481 617 digitis
493 541 602 619 pulsata
616 551 777 620 canentum,

125 635 258 703 etgarus
276 623 432 701 agricolum
442 623 500 685 late
512 626 688 702 sentiscere,
703 643 787 705 quom
798 626 854 686 Pan

58 719 114 773 585
125 710 210 789 pinea
221 706 348 769 semiferi
361 709 464 786 capitis
475 707 613 768 uelamina
625 726 762 786 quassans

125 808 201 853 unco
212 808 302 869 saepe
313 788 393 851 labro
405 789 528 852 calamos
540 794 681 871 percurrit
693 793 810 871 hiantis,

126 874 220 936 fistula
232 873 394 935 silvestrem
406 893 442 935 ne
458 885 555 936 cesset
567 874 685 936 sundere
696 895 810 937 musam.

126 969 224 1020 cetera
235 957 271 1018 de
283 976 392 1035 genere
403 958 460 1019 hoc
471 969 595 1020 monstra
608 978 641 1019 00
654 969 784 1037 portenta
796 959 969 1040 loquontur,

125 1062 163 1104 ne
174 1041 239 1103 loca
251 1042 366 1103 deserta
377 1043 411 1103 ab
424 1042 495 1104 divis
509 1060 623 1121 quoque
635 1043 710 1103 iorte
723 1052 857 1121 putentur

55 1136 114 1190 000
125 1127 187 1189 sola
197 1135 307 1187 tenere.
320 1125 386 1186 ideo
397 1128 500 1186 iactant
511 1126 643 1186 miracula
655 1126 753 1203 dictis,

125 1219 173 1272 aut
184 1209 278 1290 aliqua
289 1212 398 1271 ratione
411 1209 465 1270 alia
477 1211 631 1288 ducuntur,
645 1220 675 1270 ut
687 1228 769 1270 omne

125 1295 274 1355 humanum
284 1312 376 1372 genus
389 1304 435 1355 est
447 1294 556 1354 avidum
568 1295 641 1353 nimi’
654 1294 840 1354 miraolorum,

169 1377 253 1452 Quod
265 1389 415 1457 superest,
427 1396 484 1439 non
496 1387 541 1439 est
552 1378 703 1438 mirandum
716 1397 769 1456 qua
780 1379 905 1455 ratione,

126 1481 180 1542 per
190 1462 257 1522 loca
269 1479 341 1541 quae
352 1472 497 1540 nequeunt
509 1460 585 1522 oculi
597 1480 644 1522 res
657 1480 776 1523 cernere
787 1472 917 1541 apertas,

60 1554 116 1608 505
128 1547 199 1606 haec
211 1545 277 1605 loca
288 1563 342 1624 per
351 1561 442 1606 voces
453 1548 566 1607 veniant
576 1548 709 1625 aurisque
720 1545 881 1623 lacessant,

131 1629 313 1708 conloquium
325 1629 430 1690 clausis
442 1629 551 1690 foribus
564 1648 619 1708 quo
633 1649 720 1709 saepe
735 1631 878 1698 uidemus;

128 1715 272 1790 nimiruum,
286 1715 349 1792 quia
360 1731 418 1773 vox
428 1732 482 1792 per
492 1714 566 1774 llexa
577 1714 710 1773 foramina
721 1732 815 1773 rerum

126 1797 276 1858 incolumis
287 1799 408 1858 transire
419 1806 536 1876 potest,
549 1794 697 1856 simulacra
708 1806 852 1856 renutant:

114 1890 116 1894 '
126 1881 346 1961 perscinduntur
358 1883 449 1957 eninr,
461 1882 515 1941 nisi
526 1889 606 1940 recta
617 1878 752 1938 foramina
763 1887 888 1954 tranant,

60 1975 116 2030 600
129 1964 221 2045 qualia
233 1973 297 2025 sunt
308 1967 391 2042 vitri,
405 1965 521 2044 species
535 1981 589 2042 qua
599 1961 717 2023 travolat
730 1963 827 2024 omnis.

125 2058 277 2129 praeterea
288 2050 375 2127 partis
389 2051 416 2107 in
429 2056 545 2108 cunctas
557 2048 688 2108 dividitur
697 2065 771 2125 uox,

128 2151 164 2194 ex
176 2130 238 2192 aliis
250 2130 321 2192 aliae
333 2134 462 2210 quoniam
473 2135 643 2210 gignuntur,
657 2132 705 2192 ubi
717 2150 771 2192 una

128 2215 249 2278 dissiluit
261 2216 350 2276 semel
363 2218 391 2275 in
402 2216 503 2277 multas
515 2225 631 2293 exorta,
644 2219 723 2294 quasi
734 2219 807 2294 ignis

129 2318 218 2379 saepe
230 2298 305 2361 solet
318 2300 441 2360 scintilla
452 2317 520 2360 suos
532 2318 565 2360 sa
578 2317 715 2378 spargere
727 2301 849 2376 iniquis.

60 2394 114 2448 505
129 2401 201 2462 crgo
210 2382 358 2461 replentur
368 2383 433 2444 loca
444 2384 564 2444 vocibus
576 2382 668 2442 abdita
679 2391 757 2442 retro

129 2469 220 2528 omnia
231 2486 304 2546 quac
316 2469 421 2528 circum
432 2468 551 2528 subsunt
564 2467 714 2544 sonituque
728 2467 845 2525 cientur.

128 2561 156 2612 at
168 2549 317 2612 simulacra
331 2553 384 2612 viis
397 2551 521 2612 derectis
535 2551 625 2611 omnia
636 2549 753 2610 tendunt

129 2645 160 2696 ut
175 2644 240 2696 sunt
251 2635 335 2695 missa
347 2634 452 2703 semel;
467 2643 641 2714 quapropter
652 2651 772 2694 cernere
783 2649 867 2694 nemo

130 2736 249 2798 saepem
260 2717 332 2778 ultra
342 2720 418 2797 potis
431 2727 493 2795 est,
507 2728 534 2779 at
545 2736 635 2779 voees
646 2720 781 2797 accipere
792 2726 880 2779 extra.

64 2812 119 2866 010
130 2813 160 2864 00
173 2812 266 2863 tamen
278 2804 340 2881 ipsa
352 2820 466 2881 quoque
479 2801 568 2880 haec,
582 2802 647 2862 dum
658 2805 757 2864 transit
768 2801 864 2863 clausa
875 2801 1044 2875 domorum,

130 2905 188 2947 vox
199 2885 362 2965 optunditur
373 2897 457 2964 00000
470 2889 544 2946 auris
561 2887 680 2947 confusa
691 2895 840 2964 penetrat,

130 2980 159 3032 et
171 2972 293 3031 sonitum
304 2971 399 3049 potius
411 2987 492 3048 quam
503 2970 591 3030 verlta
603 2969 699 3029 audire
710 2969 847 3030 videmur.

172 3052 252 3130 Neo,
266 3056 313 3132 qui
328 3054 464 3114 sentimus
475 3071 588 3129 sucum,
602 3052 697 3129 lingua
709 3061 793 3131 atque
807 3050 930 3130 palatum

132 3135 293 3218 plusculum
303 3136 407 3198 habent
419 3139 446 3196 in
458 3156 491 3197 se
502 3138 618 3197 rationis
629 3134 695 3214 plus
708 3153 860 3214 operaeve.

66 3229 119 3283 615
131 3223 274 3300 principio
287 3238 387 3281 sucum
397 3222 533 3280 sentimus
546 3222 574 3279 in
587 3237 654 3296 ore,
669 3219 762 3278 cibum
774 3236 838 3278 cum

131 3304 288 3365 mandendo
300 3298 497 3383 exprimimus,
511 3322 566 3365 ceu
577 3302 689 3382 plenam
701 3303 850 3381 spongiam
861 3303 943 3383 aquai

132 3389 221 3467 siquis
233 3388 307 3449 lorte
322 3405 404 3447 manu
415 3404 547 3466 premere
558 3405 592 3447 ac
604 3388 715 3447 siccare
728 3387 834 3465 coepit.

132 3472 197 3532 inde
211 3472 286 3550 quod
298 3471 478 3550 exprimimus
490 3489 544 3551 per
560 3468 655 3531 caulas
673 3487 755 3530 omne
766 3469 852 3552 palati
