2288 3886
112 171 171 237 130
597 170 619 228 V

192 337 367 419 praeclaram
378 338 471 397 muudi
483 347 623 415 naturam,
637 347 849 418 proptereaque

192 420 368 483 adlaudabile
381 438 453 500 opus
465 422 559 481 divom
568 420 682 482 laudare
695 421 800 482 decere

193 515 395 584 aeternumque
408 514 507 584 putare
519 514 604 582 atque
617 504 763 566 inmortale
776 504 915 577 iuturunu,

132 599 182 654 160
192 608 247 651 uec
259 589 302 650 ias
318 608 403 666 esse,
419 589 502 648 deum
514 587 589 668 quod
600 590 637 649 sit
648 591 755 649 ratione
769 599 882 650 vetusta

194 673 327 752 gentibus
342 670 469 731 humanis
481 672 624 731 fundatum
638 684 778 751 perpetuo
789 691 879 748 aevo,

194 757 350 818 sollicitare
362 758 421 817 suis
437 755 494 815 ulla
504 758 532 814 ui
544 774 581 815 ex
592 756 708 816 sedibus
722 774 869 835 umquam,

192 858 248 901 nec
258 841 354 901 verbis
371 858 476 899 vexare
489 848 518 898 et
529 840 564 899 ab
579 841 634 899 imo
646 849 779 900 evertere
794 857 918 918 sumina,

194 935 291 985 cetera
307 923 342 983 de
356 942 463 1001 genere
474 923 530 983 boe
542 923 685 1001 adfingere
700 933 729 983 et
741 923 862 1000 addere,
878 923 1011 1003 Memmi,

128 1017 178 1073 165
192 1007 362 1087 desiperent.
375 1007 442 1087 quid
454 1007 528 1067 enim
540 1006 732 1068 inmortalibus
744 1018 830 1086 atque
842 1008 933 1069 beatis

194 1095 282 1170 gratia
293 1101 390 1152 nostra
402 1100 487 1171 queat
497 1089 627 1168 largirier
638 1091 838 1166 emolumenti,

195 1187 224 1236 ut
236 1186 333 1237 nostra
348 1177 499 1254 quicquam
511 1192 595 1234 causa
608 1193 711 1253 gerere
723 1172 942 1252 adgrediuntur?

196 1261 299 1339 quidve
310 1262 377 1319 uovi
391 1259 481 1337 potuit
493 1266 570 1318 tanto
582 1268 648 1338 post
663 1269 727 1320 ante
741 1261 852 1338 quietos

194 1343 313 1404 inlicere
325 1352 354 1402 nt
370 1351 508 1422 cuperent
519 1345 603 1401 vitam
614 1352 721 1403 mutare
733 1339 877 1421 priorem?

133 1434 184 1490 170
195 1437 239 1504 at,
254 1426 357 1503 credo,
370 1426 536 1487 intenebris
550 1428 606 1484 vita
618 1444 653 1485 ac
664 1444 775 1486 merore
787 1426 915 1504 iacebat,

196 1511 288 1571 donec
301 1508 400 1569 diluxit
412 1527 506 1568 rerum
516 1509 647 1587 genitalis
660 1512 750 1586 origo.

195 1613 258 1654 narn
273 1592 397 1671 gaudere
412 1594 493 1653 novis
504 1593 591 1653 rebus
606 1592 713 1653 debere
728 1593 840 1653 videtur

197 1680 242 1739 cui
256 1685 371 1738 veteres
383 1677 501 1737 obsunt:
513 1676 565 1736 sed
580 1678 625 1735 cui
636 1674 674 1736 nil
687 1677 789 1737 accidit
801 1679 880 1754 aegri

195 1771 325 1840 tempore
336 1762 364 1820 in
375 1769 522 1840 anteacto,
537 1779 600 1820 cum
612 1759 731 1840 pulchre
745 1760 865 1838 degeret
878 1779 999 1840 aevom,

134 1854 184 1910 171
198 1846 265 1925 quid
275 1847 367 1924 potuit
378 1845 509 1905 novitatis
522 1862 646 1904 amorem
657 1845 818 1905 accendere
830 1842 899 1904 tali?

197 1930 300 2010 quidve
312 1929 377 1988 mali
389 1929 480 1990 luerat
491 1929 573 1988 uobis
584 1945 640 1988 non
655 1947 722 1989 esse
739 1925 865 1989 creatis?

194 2023 276 2075 natus
288 2014 362 2072 enim
374 2012 460 2072 debet
474 2014 644 2090 quicumque
656 2021 701 2072 est
710 2010 787 2072 uelle
801 2030 915 2073 manere

198 2099 225 2156 in
236 2099 309 2172 vita,
323 2095 416 2156 donee
428 2095 561 2155 retinebit
573 2094 674 2155 blanda
688 2094 836 2174 voluptas:

199 2182 246 2258 qui
256 2196 405 2256 numquam
417 2197 488 2238 vero
499 2180 573 2238 vitae
585 2181 709 2256 gustavit
721 2197 845 2239 amorem

138 2273 189 2328 180
201 2282 257 2323 uec
271 2261 323 2322 luit
336 2264 364 2321 in
374 2280 508 2339 numero,
523 2262 589 2342 quid
603 2263 687 2323 obest
702 2281 758 2322 non
770 2282 837 2324 esse
850 2262 998 2326 creatum?

197 2344 359 2426 exemplum
373 2363 459 2426 porro
471 2348 622 2424 gignundis
636 2347 722 2408 rebus
733 2356 761 2407 et
772 2350 834 2426 ipsa

197 2432 311 2492 notities
327 2431 468 2491 bominum
480 2430 523 2492 dis
534 2430 608 2490 unde
619 2439 664 2491 est
674 2432 757 2492 insita
771 2433 906 2510 primum,

197 2515 263 2595 quid
275 2513 383 2575 vellent
395 2515 492 2574 facere
507 2525 537 2574 ut
548 2516 655 2575 scirent
666 2517 814 2594 animoque
826 2516 975 2594 uiderent,

198 2616 291 2679 quove
303 2598 414 2658 modost
426 2616 554 2678 nmquam
565 2599 608 2658 vis
623 2600 736 2676 cognita
747 2601 966 2678 principiorum,

138 2692 185 2747 185
199 2682 323 2762 quidque
335 2683 408 2742 inter
419 2701 486 2741 sese
498 2691 656 2760 permutato
668 2683 765 2743 ordine
779 2693 916 2762 possent,

197 2768 221 2826 si
235 2783 291 2825 non
303 2767 365 2843 ipsa
376 2764 453 2824 dedit
464 2767 611 2844 specimen
623 2775 720 2827 natura
733 2764 866 2827 creandi?

199 2867 318 2928 namque
330 2850 367 2909 ita
379 2846 464 2908 multa
475 2850 565 2909 modis
581 2849 676 2910 multis
688 2851 837 2930 primordia
851 2868 945 2911 rerurn

199 2953 236 2993 ex
247 2933 353 2992 infinito
369 2933 422 2992 iam
434 2943 563 3013 tempore
575 2937 683 3013 percita
695 2933 787 3014 plagis

200 3017 430 3097 ponderibusque
442 3019 500 3078 suis
514 3028 685 3079 consuerunt
698 3021 809 3079 concita
824 3018 891 3079 ferri

138 3110 188 3166 190
202 3101 426 3180 omnimodisque
441 3103 518 3162 coire
530 3112 615 3183 atque
629 3105 720 3164 ornnie
734 3113 945 3182 pertemptare,

200 3204 394 3266 quaecumque
407 3186 480 3246 iuter
492 3206 524 3247 se
536 3198 655 3265 possent
671 3205 827 3265 congressa
839 3205 959 3266 creare,

198 3280 228 3329 ut
240 3287 296 3329 non
308 3271 344 3329 sit
355 3271 470 3346 mirurn,
484 3272 508 3330 si
520 3273 547 3330 in
559 3269 622 3331 talis
636 3271 820 3350 disposituras

200 3353 365 3413 deciderunt
377 3371 491 3432 quoque
504 3365 533 3415 et
544 3357 571 3414 in
586 3355 648 3415 talis
664 3373 770 3415 venere
785 3363 910 3433 meatus,

200 3437 329 3517 qualibus
344 3435 418 3495 haee
429 3456 522 3498 rerum
533 3442 643 3503 aeritur
654 3458 728 3500 nuuc
741 3457 846 3500 surnrna
860 3440 1002 3501 nouando.
