2288 3886
79 222 82 227 .
114 168 157 234 82
324 207 333 218 =
596 167 636 227 111

243 335 374 415 Denique
388 352 438 396 cur
448 335 522 394 acris
535 332 669 394 violentia
679 335 760 396 triste
772 334 885 396 leonum

136 428 189 485 740
199 421 346 483 seminium
360 419 504 496 sequitur,
518 417 620 498 volpes
632 416 732 495 dolus,
745 428 774 479 et
785 418 852 497 iuga
864 436 991 500 cervos,

202 506 230 584 [a
240 505 367 584 patribus
379 501 458 562 datur
467 511 496 563 et
507 503 613 580 patrius
625 520 714 581 paror
725 504 822 565 incitat
832 503 920 581 artus]

201 598 231 649 et
242 591 295 648 iam
308 595 405 648 cetera
416 585 452 646 de
463 603 571 664 genere
586 585 643 646 hoc
656 604 706 646 cur
718 589 809 648 omnia
819 587 957 646 membris

201 691 238 733 ex
251 673 366 732 ineunte
377 687 449 730 aero
460 677 651 747 generascunt
666 672 856 750 ingenioque,

203 759 227 817 si
240 773 314 832 nou,
328 763 407 815 certa
419 771 471 816 suo
484 755 548 833 quia
560 755 668 814 semine
680 756 857 834 seminioque

138 842 243 902 trevis
256 840 338 899 animi
350 839 456 917 pariter
468 839 574 898 crescit
586 856 649 898 cum
662 856 785 918 corpore
796 835 879 899 toto?

202 923 278 1003 quod
290 925 314 983 si
325 920 479 982 inmortalis
491 921 566 982 foret
579 930 608 982 et
617 931 725 983 mutare
737 920 846 983 soleret

203 1024 340 1086 corpora,
352 1007 498 1086 permixtis
509 1006 664 1066 annuentes
677 1007 801 1067 moribus
816 1015 931 1083 essent,

202 1091 342 1169 eflugeret
356 1091 434 1150 canis
445 1089 576 1164 Hyrcano
589 1090 624 1149 de
636 1091 745 1150 semine
757 1108 846 1169 saepe

202 1177 344 1253 cornigeri
354 1176 497 1235 incursum
509 1176 603 1251 cervi,
618 1183 811 1252 tremeretque
823 1191 876 1252 per
886 1191 971 1234 auras

139 1262 276 1322 75000010
288 1260 427 1337 accipiter
437 1257 550 1335 fugiens
561 1258 694 1319 veniente
707 1257 854 1335 columba,

202 1343 368 1421 desiperent
379 1342 525 1418 homines,
539 1352 673 1420 saperent
684 1343 745 1401 fera
757 1339 854 1402 saecla
865 1340 998 1401 ferarum.

201 1425 271 1486 illud
283 1428 357 1486 enim
368 1425 438 1486 falsa
446 1425 536 1485 femur
545 1425 672 1503 ratione,
690 1425 765 1504 quod
777 1428 852 1484 aiunt

201 1509 377 1570 inmortalem
387 1511 503 1568 animam
514 1518 618 1569 mutato
631 1527 754 1588 corpore
767 1510 858 1570 flecti:

202 1593 278 1673 quod
289 1603 409 1653 mutatur
420 1593 494 1652 enim
506 1592 688 1671 dissolvitur,
699 1595 794 1653 interit
805 1610 885 1670 ergo.

138 1686 189 1741 755
201 1680 365 1738 traiciuntur
376 1678 449 1736 enim
461 1685 557 1755 partes
569 1685 653 1755 atque
666 1675 763 1736 ordine
775 1678 907 1755 migrant;

204 1780 290 1841 quare
302 1758 421 1822 dissolui
433 1778 546 1839 quoque
559 1759 663 1822 debent
676 1778 765 1841 posse
775 1778 829 1840 per
838 1770 931 1839 artus,

204 1846 327 1924 denique
339 1855 369 1906 ut
382 1847 520 1906 intereant
531 1864 584 1905 una
598 1864 661 1905 cum
675 1862 798 1925 corpore
810 1854 942 1906 cunctae.

180 1962 187 1972 ·
203 1932 247 1991 sin
260 1932 362 1989 animas
374 1927 516 1990 hominum
527 1929 623 1989 dicent
633 1931 661 1988 in
674 1946 795 2008 corpora
805 1947 920 2008 semper

203 2016 244 2074 ire
255 2013 388 2089 humana,
404 2023 497 2073 tamen
509 2030 640 2090 quaeram
652 2030 702 2072 cur
713 2031 730 2072 0
745 2014 866 2091 sapienti

142 2106 194 2161 760
206 2097 291 2158 stulta
304 2106 388 2174 queat
401 2097 477 2173 fieri,
489 2114 544 2155 nec
556 2095 681 2175 prudens
693 2097 730 2156 sit
741 2112 813 2174 puer
828 2093 924 2157 ullus?

205 2181 241 2259 [si
253 2197 310 2239 non
322 2190 400 2239 certa
411 2197 463 2239 suo
476 2181 540 2257 quia
551 2181 660 2240 semine
672 2181 846 2258 seminioque

203 2282 258 2323 nec
268 2272 324 2322 tam
336 2263 436 2324 doctus
448 2281 538 2342 equae
553 2262 646 2342 pullus
659 2281 740 2343 quam
751 2263 832 2324 fortis
844 2265 909 2342 equi
923 2265 982 2343 viel

207 2346 334 2425 scilicet,
346 2349 373 2407 in
384 2357 485 2408 tenero
497 2356 681 2408 tenerascere
693 2365 815 2427 corpore
826 2357 949 2407 mentem
1030 2354 1033 2358 ’

205 2431 378 2510 confugient.
393 2431 468 2510 quod
480 2433 504 2492 si
515 2434 568 2491 iam
580 2433 627 2509 fit,
640 2431 746 2492 fateare
761 2441 913 2492 necessest

140 2522 191 2580 765
204 2516 350 2576 mortalem
362 2535 429 2576 esse
441 2518 573 2593 animam,
586 2518 716 2594 quoniam
728 2524 831 2575 mutata
842 2533 894 2594 per
905 2526 982 2578 artus

169 2599 172 2603 ’
204 2609 281 2660 tanto
294 2617 382 2678 opere
394 2601 494 2659 amittit
504 2601 589 2658 vitam
600 2617 772 2677 sensumque
785 2600 917 2678 priorem.

205 2701 298 2762 quove
310 2682 394 2742 modo
407 2684 512 2760 poterit
523 2683 629 2759 pariter
640 2701 703 2742 cum
715 2700 837 2761 corpore
849 2702 962 2763 quoque

206 2767 365 2826 confirmata
378 2767 501 2844 cupitum
511 2766 610 2825 aetatis
622 2776 739 2844 tangere
755 2766 854 2827 florem

204 2850 248 2910 vis
259 2851 358 2926 animi,
370 2851 424 2909 nisi
436 2851 489 2909 erit
502 2867 620 2911 consors
632 2851 661 2909 in
673 2851 783 2928 origine
794 2848 902 2929 prima?

142 2938 193 2995 770
205 2933 308 3012 quidve
320 2934 396 2993 foras
408 2933 462 2993 sibi
477 2932 537 2992 uult
549 2934 681 2994 membris
694 2935 772 2994 exire
784 2932 931 2995 senectis‘l

204 3035 242 3090 ang
249 3018 347 3076 metuit
360 3015 494 3076 conclusa
506 3035 619 3078 manere
635 3020 663 3076 in
675 3035 797 3097 corpore
809 3020 900 3096 putri,

204 3110 234 3160 et
249 3101 347 3161 domus
359 3103 458 3160 aetatis
471 3103 562 3182 spatio
574 3121 609 3161 ne
621 3101 699 3162 fessa
711 3111 825 3161 vetusto

206 3181 326 3244 obruat?
338 3195 365 3244 at
381 3203 438 3244 non
450 3195 515 3244 sunt
525 3184 672 3246 immortali
684 3183 741 3244 ulla
752 3185 868 3263 pericla.

246 3267 376 3347 Denique
390 3269 509 3329 conubia
520 3269 554 3328 ad
565 3269 686 3329 Veneris
701 3278 854 3348 partusque
867 3269 990 3330 ferarum

143 3356 193 3414 lio
205 3370 272 3412 0000
283 3354 386 3413 animas
398 3361 513 3432 praesto
525 3351 709 3413 deridiculum
722 3371 788 3413 esse
800 3353 927 3432 videtur,

205 3444 359 3514 expectare
371 3434 533 3497 immortalis
544 3435 670 3497 mortalia
681 3436 805 3496 membra
