2310 3892
361 181 580 244 ¹⁴11

314 350 351 443 l.
377 350 633 444 llldllllll
670 355 813 448 titt

138 500 232 614 llll
292 501 982 620 llllllllllllllllll

350 667 493 749 uruuu
521 667 774 754 urouuuus.

466 832 646 842 ——-——-—-—‹

145 884 244 994 suave
255 980 263 1011 ,
275 935 343 992 mari
353 951 456 1010 magno
469 935 644 995 turbantibus
656 952 780 1013 aequora
791 938 901 1014 ventis,

146 1027 250 1078 eterra
261 1035 389 1095 magnum
403 1017 519 1079 alterius
532 1028 665 1098 spectare
677 1017 818 1087 laborem;

144 1120 202 1162 non
215 1103 278 1179 quia
288 1103 387 1160 uexari
400 1112 594 1181 quemquamst
606 1101 726 1162 iucunda
737 1103 887 1182 voluptas,

145 1185 198 1246 scd
214 1185 314 1263 quibus
326 1186 389 1263 ipsc
403 1185 482 1245 malis
496 1205 593 1247 careas
606 1188 669 1265 quia
683 1204 802 1247 cernere
816 1208 903 1249 suave
916 1199 976 1250 est:

110 1281 128 1331 5
144 1288 232 1332 suave
246 1270 329 1328 etiam
342 1268 411 1328 belli
424 1272 574 1330 certamina
585 1289 684 1348 magna
695 1273 768 1331 tueri

145 1373 199 1434 per
210 1370 325 1432 campos
337 1355 489 1431 instructa,
503 1365 548 1414 tua
560 1357 622 1414 sine
634 1365 715 1434 parte
727 1357 828 1435 pericli

145 1438 197 1500 sed
209 1436 247 1496 nil
259 1436 368 1497 dulcius
381 1447 442 1514 est,
456 1439 530 1498 bene
543 1458 624 1517 quam
635 1443 738 1500 munita
749 1450 849 1502 tenere

145 1522 220 1583 edita
234 1521 359 1581 doctrina
371 1523 527 1600 sapientum
540 1524 645 1603 templa
658 1544 776 1602 serena,

146 1607 297 1685 despicere
309 1605 383 1664 unde
396 1624 484 1684 queas
496 1606 567 1668 alios
579 1612 741 1689 passimque
754 1610 853 1671 videre

88 1705 124 1755 10
143 1708 239 1752 errare
251 1700 335 1768 atque
348 1691 420 1749 viam
432 1690 551 1768 palantis
564 1711 702 1771 quaerere
714 1697 805 1772 vitae,

146 1784 257 1837 certare
269 1776 400 1852 ingenio,
416 1775 590 1836 contendere
601 1777 764 1854 nobilitate,

143 1869 246 1920 noctes
257 1868 342 1937 atque
355 1857 416 1917 dies
427 1860 476 1917 niti
489 1869 651 1937 praestante
662 1859 761 1920 labore

144 1945 179 2004 ad
191 1961 311 2004 summas
324 1961 474 2018 emergere
486 1961 557 2022 opes
569 1961 720 2021 rerumque
733 1947 825 2023 potiri.

145 2030 291 2089 omiseras
302 2027 444 2086 hominum
455 2037 582 2106 mentes,
596 2045 613 2087 o
625 2037 743 2107 pectora
756 2031 855 2091 caeca!

89 2127 124 2176 15
142 2112 272 2193 qualibus
283 2113 311 2170 in
322 2111 449 2172 tenebris
462 2113 536 2172 vitae
550 2116 718 2191 quantisque
730 2114 847 2192 periclis

144 2199 257 2275 degitur
268 2195 324 2256 hoc
335 2198 398 2255 aeri
407 2191 651 2276 'quodcumquesti
664 2216 759 2258 nonne
771 2199 870 2259 ridere

143 2282 182 2342 nil
195 2280 269 2342 aliud
281 2280 335 2340 sibi
347 2290 470 2339 naturam
483 2279 605 2358 latrare,
618 2285 672 2340 nisi
683 2293 729 2357 ut,
745 2285 789 2341 cui

145 2383 269 2444 corpore
281 2365 426 2424 seiunctus
439 2363 521 2424 dolor
531 2364 620 2445 absit,
634 2367 729 2424 menti*
741 2366 848 2424 fruatur

144 2449 266 2510 iucundo
278 2467 381 2526 seusu,
396 2466 461 2508 cura
474 2449 593 2508 semotu'
604 2445 759 2526 metuque?

84 2546 124 2598 20
142 2552 214 2610 ergo
227 2549 392 2611 corpoream
407 2531 440 2592 ad
452 2541 575 2592 naturam
587 2551 676 2611 pauca
687 2532 814 2592 videmus
920 2531 923 2536 '

144 2637 213 2680 esse
224 2635 296 2696 opus
308 2619 435 2694 omnino,
450 2634 522 2695 quae
534 2616 645 2676 demant
658 2634 777 2695 cumque
790 2617 936 2696 dolorem,

144 2702 262 2762 delicias
275 2719 389 2780 quoquc
401 2703 440 2760 uti
452 2699 552 2760 multas
565 2701 750 2761 substernere
762 2705 881 2780 possint.

144 2787 250 2866 gratius
266 2786 404 2845 interdum
415 2803 509 2862 neque
521 2795 618 2845 natura
626 2787 689 2863 ipsa
701 2788 836 2864 requirit,

145 2874 170 2932 si
181 2887 237 2929 non
250 2888 333 2929 aurea
345 2879 409 2929 sunt
421 2870 551 2927 iuvenum
564 2868 711 2928 simulacra
723 2888 775 2948 per
785 2870 872 2932 aedes

89 2966 126 3018 25
143 2954 285 3033 lampadas
298 2954 432 3030 igniferas
444 2953 569 3013 manibus
581 2956 728 3013 retinentia
741 2953 866 3033 dextris,

144 3039 247 3098 lumina
257 3040 402 3098 nocturnis
416 3035 508 3114 epulis
520 3045 549 3096 ut
562 3037 794 3116 suppeditentur,

144 3143 199 3188 nec
210 3122 308 3182 domus
320 3130 438 3200 argento
450 3119 570 3197 fulgenti
582 3139 708 3198 auroque
719 3122 846 3198 renidet,

143 3225 198 3267 nec
212 3206 334 3267 citharae
346 3206 464 3265 reboant
476 3203 605 3282 laqueata
617 3214 788 3283 arquataque
801 3215 894 3283 tecta,

144 3309 207 3351 eum
219 3300 310 3350 tamen
323 3291 396 3349 inter
406 3307 439 3349 se
451 3290 584 3366 prostrati
595 3289 621 3346 in
634 3291 759 3366 gramine
771 3286 849 3348 molli

91 3385 128 3438 30
142 3384 262 3454 propter
273 3393 362 3453 aquae
374 3376 463 3433 rivum
476 3371 528 3432 sub
539 3374 621 3432 ramis
635 3374 743 3433 arboris
758 3372 831 3433 altae

143 3476 198 3518 non
210 3461 317 3537 magnis
331 3458 433 3536 opibus
445 3454 566 3516 iucunde
580 3474 699 3535 corpora
713 3466 825 3534 curant,
