2288 3886
528 148 569 256 rr

175 362 252 422 Esse
263 362 337 440 apud
349 363 507 424 Hammonis
520 364 613 423 fanum
624 363 687 423 fons
699 364 765 424 luce
779 364 874 423 diurna

129 444 252 523 'frigidus
264 454 293 505 et
305 445 411 507 calidus
423 457 562 507 nocturno
578 457 707 524 tempore
719 448 816 509 fertur.

57 541 120 596 850
130 530 206 589 hune
217 528 345 590 homines
357 530 464 591 fontem
476 533 556 591 nimis
573 529 739 591 admirantur
750 542 779 593 et
792 534 851 592 acri

134 612 198 672 sole
212 622 309 691 putant
320 624 420 693 supter
429 622 520 675 terras
532 614 698 674 fervescere
713 618 829 694 raptim,

133 714 193 756 nox
204 697 250 756 ubi
262 697 379 757 terribili
391 707 481 758 terras
496 698 617 775 ealigine
629 700 708 758 texit.

135 779 210 858 quod
222 781 303 840 nimis
314 798 330 839 a
342 791 437 841 verast
449 780 535 858 longe
548 783 655 841 ratione
670 791 824 841 remotum:

135 866 258 943 quippe,
275 864 322 923 ubi
334 863 378 924 sol
390 864 492 924 nudum
505 873 682 925 contractans
695 882 800 944 corpus
811 868 891 943 aquai

37 952 41 957 “
62 957 120 1011 855
136 965 191 1006 non
203 949 304 1024 quierit
317 947 436 1007 calidum
448 967 551 1028 supera
563 948 599 1007 de
609 948 730 1008 reddere
742 957 839 1027 parte,

135 1049 197 1090 eum
209 1048 342 1108 superum
355 1031 448 1091 lumen
460 1042 536 1093 tanto
548 1031 662 1092 fervore
675 1032 796 1107 fruatur,

134 1116 181 1193 qui
194 1123 278 1192 queat
289 1114 336 1174 hio
348 1125 448 1192 supter
461 1127 515 1176 torn
528 1133 625 1176 crasso
639 1133 761 1192 corpore
773 1125 874 1174 terram

133 1214 312 1276 percoquere
325 1216 449 1259 umorem
461 1210 489 1260 et
502 1199 592 1260 calido
605 1198 709 1258 donare
723 1195 851 1278 vapore?

133 1283 300 1360 praesertim
313 1300 375 1342 curn
389 1284 437 1341 vix
448 1287 540 1362 possit
551 1302 604 1362 per
614 1292 696 1362 septa
709 1281 853 1342 domorum

63 1374 122 1430 860
132 1367 272 1424 insinuare
284 1384 364 1426 suum
376 1366 461 1426 radiis
474 1366 636 1427 ardentibus
649 1377 766 1427 aestum.

135 1466 206 1527 quae
218 1450 317 1509 ratiost
328 1447 432 1526 igitur?
448 1453 592 1527 nimirum,
605 1461 680 1510 terra
692 1452 781 1527 magis
798 1450 874 1528 quod

133 1551 194 1591 rara
206 1541 286 1610 tepet
299 1534 404 1591 circum
416 1532 523 1594 fontem
533 1553 614 1612 quam
628 1544 724 1595 cetera
735 1533 839 1611 tellus,

133 1615 276 1694 multaque
287 1626 351 1676 sunt
363 1619 436 1694 iguis
450 1636 540 1697 prope
553 1621 659 1678 semina
672 1636 776 1696 corpus
787 1620 877 1698 aquai.

134 1700 189 1759 lroc
200 1700 248 1759 ubi
260 1700 387 1760 roriferis
397 1709 499 1760 terrarn
514 1719 571 1761 nox
581 1703 674 1762 obruit
685 1703 809 1778 umbris,

66 1791 122 1847 865
134 1782 279 1861 extemplo
289 1786 402 1861 penitus
415 1783 544 1859 frigescit
555 1794 630 1843 terra
642 1787 770 1861 coitque:

133 1867 186 1926 hac
199 1869 306 1926 ratione
322 1868 352 1926 fit
366 1877 412 1943 ut,
424 1877 562 1945 tamquam
575 1884 738 1945 compressa
750 1884 831 1925 manu
846 1869 898 1943 sit,

134 1952 270 2029 exprimat
281 1951 307 2009 in
320 1951 427 2010 fontem
438 1969 510 2028 quae
522 1953 627 2010 semina
640 1967 760 2027 cumque
771 1949 858 2009 habet
869 1951 960 2027 ignis,

134 2052 206 2113 quae
219 2033 338 2093 calidum
349 2034 453 2094 faciunt
464 2042 552 2113 aqiiae
566 2043 668 2094 tactum
682 2043 766 2110 atque
779 2050 920 2112 saporem.

133 2117 198 2177 inde
209 2118 256 2177 ubi
270 2116 315 2178 sol
326 2117 410 2179 radiis
423 2127 525 2179 terram
536 2117 651 2178 dimovit
663 2119 780 2178 obortus

64 2210 121 2266 870
133 2211 162 2262 et
173 2201 307 2261 rorefecit
322 2201 412 2262 calido
424 2201 565 2280 gliscente
580 2220 704 2281 vapore,

134 2303 232 2345 rursus
244 2288 271 2344 in
283 2287 409 2364 antiquas
422 2286 541 2346 redeunt
556 2287 706 2363 primordia
717 2286 804 2345 sedes

134 2371 224 2446 ignis,
237 2379 266 2428 et
278 2372 418 2429 interram
436 2370 512 2430 cedit
526 2369 604 2428 calor
617 2370 705 2428 omnis
717 2371 808 2446 aquai.

134 2451 252 2530 frigidus
264 2453 335 2512 hane
348 2454 385 2513 ob
398 2472 457 2513 rem
469 2455 498 2513 iit
509 2454 573 2512 fons
585 2455 612 2510 in
624 2451 689 2512 luce
702 2450 807 2510 diurna.

133 2545 283 2614 praeterea
298 2535 368 2598 solis
379 2536 464 2597 radiis
476 2540 593 2596 iactatur
603 2538 683 2614 aquai

66 2628 123 2684 875
135 2639 215 2680 umor
227 2629 254 2680 et
266 2622 294 2679 iu
305 2619 399 2681 lucem
412 2618 532 2680 tremulo
544 2622 663 2680 rarescit
675 2619 709 2678 ab
722 2627 817 2679 aestu:

135 2714 288 2782 propterea
299 2704 327 2765 lrt
339 2707 378 2765 uti
392 2722 463 2783 quae
475 2706 581 2764 semina
593 2722 713 2782 eumque
725 2703 810 2762 habet
821 2702 894 2779 iguis

136 2786 267 2857 dimittat;
280 2791 359 2867 quasi
373 2807 461 2867 saepe
474 2787 585 2866 gelum,
600 2788 675 2866 quod
688 2789 813 2847 eontinet
824 2788 851 2845 in
863 2804 912 2863 se,

135 2874 216 2932 mittit
228 2881 256 2931 et
267 2872 374 2932 exolvit
386 2872 507 2949 glaciem
517 2871 666 2949 nodosque
678 2869 795 2929 relaxat.

178 2955 308 3032 llrigidus
320 2964 365 3014 est
376 2957 460 3015 etiam
471 2954 551 3032 fons,
564 2972 650 3030 supra
661 2971 745 3030 quem
756 2955 809 3011 sita
820 2968 908 3028 saepe

69 3047 125 3103 880
139 3049 241 3118 stuppa
253 3040 317 3098 iacit
329 3038 463 3098 flammam
475 3046 618 3114 concepto
630 3037 758 3114 protinus
769 3036 827 3111 igni
834 3078 843 3107 ‚

137 3123 276 3202 taedaque
289 3121 427 3183 consimili
437 3124 545 3182 ratione
557 3137 679 3180 accensa
691 3135 744 3196 per
755 3116 842 3175 undas

136 3205 286 3284 conlucet,
299 3194 478 3286 quocumque
489 3213 586 3263 natans
600 3201 754 3281 impellitur
764 3202 848 3259 auris.

134 3292 278 3367 nimirum,
292 3293 356 3369 quia
367 3291 469 3349 suntin
480 3305 550 3367 aqua
564 3284 700 3363 permulta
710 3285 824 3362 vaporis

135 3376 257 3450 semina,
271 3373 449 3451 detersaque
461 3379 611 3432 necessest
624 3368 748 3428 funditus
761 3369 823 3446 ipso

73 3466 125 3519 885
139 3459 212 3534 ignis
226 3475 347 3535 corpora
359 3475 411 3535 per
422 3466 511 3517 toturn
525 3471 700 3530 consurgere
713 3451 819 3511 fontem
