2288 3886
528 193 541 252 1

119 373 251 432 continno
263 370 320 430 hoc
331 387 407 429 rnors
421 379 465 430 666
480 368 555 429 111166
567 370 642 449 quod
655 370 706 430 fuit
716 380 789 429 ante.

116 455 235 535 proinde
249 454 354 533 aliquid
367 472 504 532 superare
516 472 640 514 necesse
652 464 697 514 est
709 453 851 512 incolume
864 451 947 528 61116,

116 558 152 600 66
164 539 214 599 tihi
224 556 273 598 res
285 537 402 598 redeant
413 537 448 596 ad
462 537 547 596 nilum
559 536 681 598 funditus
695 555 792 597 omnes

118 623 154 683 de
166 621 284 701 niloque
296 631 393 681 renata
405 623 534 698 vigescat
547 624 630 700 copia
640 640 742 681 rerum.

55 715 104 772 616
115 726 191 767 6666
202 708 288 784 igitur
299 707 429 784 quoniam
442 706 599 766 certissima
611 723 731 784 corpora
747 703 881 784 quaedam

116 801 199 868 sunt,
215 808 288 869 quae
302 799 470 850 conservant
482 799 606 849 naturam
618 807 733 867 semper
748 788 881 865 eandem,

116 892 236 954 quorum
248 873 324 933 abitu
335 882 381 932 aut
392 873 467 932 aditu
479 882 641 951 mutatoque
653 874 750 932 ordine
762 881 866 931 mutant

116 967 243 1018 naturam
254 975 302 1018 res
315 967 344 1017 et
357 967 526 1017 convertunt
539 974 660 1035 corpora
672 975 756 1033 sese,

117 1044 195 1104 66166
207 1040 277 1101 11666
288 1057 344 1100 666
356 1059 423 1101 6666
442 1040 513 1101 16666
525 1044 608 1118 ignea
620 1058 741 1119 corpora
752 1057 854 1099 rerum.

53 1135 105 1189 680
117 1125 157 1186 611
169 1124 293 1185 referret
306 1127 380 1183 enim
393 1125 528 1203 quaedam
541 1125 702 1201 decedere,
715 1125 809 1198 abire,

119 1219 206 1288 66666
218 1207 274 1267 6116
288 1207 424 1285 adtribui,
438 1211 594 1289 mutarique
608 1209 706 1268 ordine
722 1207 875 1287 quaedam,

119 1295 145 1354 61
156 1303 250 1352 tamen
263 1292 372 1352 ardoris
382 1302 506 1352 naturam
520 1303 620 1354 cuncta
630 1302 774 1354 tenerent:

118 1378 193 1455 ignis
205 1377 280 1436 enim
292 1375 366 1436 loret
379 1377 543 1438 omnimodis
556 1377 755 1457 quodcumque
769 1385 906 1438 crearent.

118 1478 237 1536 verum,
250 1469 280 1519 ut
292 1462 410 1538 opinor,
424 1464 503 1523 itast:
523 1470 586 1521 sunt
599 1462 735 1540 quaedam
747 1479 885 1541 corpora,
899 1475 1015 1537 quorum

52 1554 105 1610 685
121 1562 280 1606 concursus
291 1554 384 1604 motus
398 1546 468 1605 ordo
480 1548 605 1625 positura
618 1547 723 1624 figurae

121 1629 251 1688 efficiunt
262 1631 353 1706 ignis,
364 1639 526 1708 mutatoque
540 1630 637 1690 ordine
648 1641 753 1691 mutant

121 1723 265 1789 naturam,
278 1731 372 1791 neque
387 1724 451 1774 sunt
462 1716 520 1791 igni
531 1712 657 1774 simulata
668 1734 762 1793 neque
774 1714 823 1772 ulli

122 1806 272 1876 praeterea
283 1800 325 1855 rei
338 1816 410 1876 quae
423 1815 544 1875 corpora
555 1801 666 1857 mittere
678 1801 770 1877 possit

121 1881 255 1942 sensibus
267 1890 296 1941 66
308 1891 422 1942 6666666
434 1882 546 1942 adiectu
557 1891 674 1958 tangere
688 1890 788 1941 666666.

55 1976 109 2033 666
162 1964 270 2025 Dicere
282 1983 369 2044 porro
380 1968 474 2043 ignem
487 1985 534 2027 res
547 1969 636 2025 omnis
651 1984 735 2042 6666,
748 1984 841 2043 66666
854 1963 936 2022 ullam

121 2067 184 2109 rem
193 2067 290 2110 veram
301 2051 328 2108 in
339 2068 457 2110 numero
469 2068 562 2110 rerum
578 2060 707 2110 constare
721 2053 774 2109 nisi
786 2052 896 2128 ignem,

123 2131 199 2212 quod
213 2132 281 2194 lacit
293 2133 340 2193 hic
352 2133 443 2212 idern,
456 2134 628 2214 perdelirum
640 2154 706 2195 esse
718 2135 837 2195 videtur.

123 2235 185 2277 nam
201 2228 300 2278 contra
312 2236 414 2279 sensus
430 2219 464 2278 ab
477 2219 609 2279 sensibus
622 2221 684 2296 ipse
697 2230 852 2297 repugnat,

124 2311 155 2362 et
165 2300 319 2364 labefactat
331 2320 400 2379 eos,
413 2302 487 2363 unde
500 2305 591 2362 omnia
604 2303 711 2361 eredita
721 2301 863 2380 pendent,

61 2396 113 2451 695
126 2386 200 2445 unde
212 2384 259 2446 hic
271 2388 403 2464 cognitus
416 2396 461 2448 cst
473 2388 527 2465 ipsi
540 2404 623 2464 quem
635 2387 756 2444 nominat
769 2387 877 2462 ignem:

127 2468 217 2530 credit
229 2471 303 2530 enim
315 2488 416 2530 sensus
429 2474 524 2549 ignem
537 2487 716 2547 cognoscere
728 2486 814 2545 6666,

126 2563 223 2614 cetera
234 2571 290 2614 non
303 2555 409 2632 credit,
423 2572 495 2633 quae
506 2553 564 2613 nilo
577 2553 652 2613 clara
663 2555 753 2612 minus
767 2563 839 2613 sunt.

127 2637 202 2716 quod
213 2639 280 2699 mihi
293 2657 355 2699 curn
369 2657 470 2698 vanum
482 2648 539 2697 tum
552 2637 751 2698 delirum—esse
763 2637 889 2697 videtur·

127 2739 182 2801 quo
193 2723 353 2784 referemus
369 2719 464 2782 enim?
477 2722 636 2800 quidnobis
653 2725 757 2782 certius
769 2725 839 2801 ipsis

64 2812 114 2869 too
123 2809 255 2868 sensibus
268 2826 335 2867 6666
347 2815 461 2885 potest,
475 2808 521 2885 qui
532 2825 600 2866 vera
610 2825 644 2866 ao
657 2804 728 2866 16166
739 2804 890 2867 notemus?

128 2902 277 2969 praeterea
290 2909 377 2969 quare
392 2892 538 2969 quisquam
549 2893 637 2969 magis
652 2892 742 2950 omnia
754 2890 834 2950 tollat

127 2983 156 3033 66
166 2976 237 3036 66116
249 2975 357 3035 ardoris
368 2983 492 3034 naturam
503 2974 632 3054 linquere
645 2974 751 3052 solam,

128 3076 208 3137 quam
220 3069 308 3137 neget
322 3077 389 3120 esse
401 3060 491 3137 ignis,
505 3061 624 3137 quidvis·
637 3069 729 3119 tamen
741 3079 808 3120 6666
820 3055 979 3137 relinquat?

126 3158 215 3221 aequa
226 3143 339 3204 videtur
349 3144 423 3202 enim
435 3143 574 3203 dementia
586 3142 683 3203 dicere
695 3153 852 3221 utrumque.

10 3274 13 3307 :
70 3232 116 3290 166
168 3229 350 3308 Quapropter
362 3229 409 3306 qui
420 3230 564 3288 materiem
577 3245 669 3286 rerum
681 3247 749 3287 6666
760 3236 890 3305 putarunt

125 3316 220 3395 ignem
232 3322 317 3391 atque
330 3329 367 3370 ex
379 3313 437 3389 igni
449 3330 582 3372 summam
599 3313 758 3371 consistere
770 3329 876 3390 posse,

127 3406 157 3458 et
169 3399 216 3477 qui
228 3397 397 3475 principium
407 3396 558 3473 gignundis
571 3401 636 3454 atra
646 3395 734 3456 rebus

129 3483 320 3557 constituere,
334 3489 380 3540 aut
392 3497 517 3540 umorem
529 3481 700 3558 quicumque
713 3488 881 3620 putarant2¹⁸
