2288 3886
470 144 684 203 PRAEFATIO.
1033 169 1071 207 vu

62 314 203 372 abestiis.
234 314 321 369 Plano
339 313 440 369 eadem
456 330 519 368 curn
539 314 744 384 importunitate
760 316 835 370 idern
853 324 972 390 nugator
985 327 1072 390 paulo

62 415 153 471 supra
170 414 233 453 cum
244 398 388 454 Lucretius
405 398 592 468 quaesivisset

171 493 224 545 'tta
239 494 356 555 Denique
367 508 413 542 cur
423 495 489 544 acris
500 493 622 544 violentia
631 496 704 545 triste
713 496 815 545 leonum

240 562 377 613 seminium
386 564 513 625 sequitur,
524 563 613 628 volpes
624 564 697 614 dolus
707 574 732 614 et
741 564 804 630 luga
815 580 905 615 cervos

62 652 196 725 ascripsit
210 667 379 722 responsum

171 746 222 795 741
240 745 380 809 apatribus
390 745 465 794 datur
473 752 498 794 et
507 746 605 809 patrius
614 759 695 809 pavor
703 747 790 796 incitat
799 756 869 796 artus

62 834 109 891 ubi
125 840 154 889 ct
163 822 277 895 ‘doctus
290 833 413 904 quidam*
425 833 501 904 apud
515 832 678 887 Lambinum
689 834 930 905 interpolationem
943 841 970 888 et
981 834 1070 889 Lach-

61 934 185 973 mannus
196 916 331 972 irridendi
343 917 464 972 studium
479 917 594 988 agnovit
608 934 644 970 ex
654 919 715 971 solo
725 919 923 973 sententiarum
932 935 1072 974 connexu.

60 1004 93 1057 ln
109 1019 145 1057 eo
162 1007 256 1057 autem
267 1001 340 1069 loeo,
353 1000 389 1055 de
405 1017 460 1071 quo
473 1001 583 1070 agimus
599 1000 660 1069 (ΙΙΙ,
675 1003 845 1070 tas-62),
861 1003 970 1058 accedit
983 1004 1069 1058 inter-

59 1086 215 1157 polationis
228 1084 360 1139 indicium
375 1100 392 1139 a
408 1085 553 1155 scripturis
571 1084 709 1138 codicum.
742 1085 841 1155 Neque
859 1087 932 1140 enirn
947 1088 977 1142 in
992 1087 1069 1142 codi-

61 1170 143 1225 cibus
155 1169 232 1224 idem
243 1168 274 1223 fit
285 1168 362 1238 quod
372 1169 400 1222 in
412 1168 580 1224 editionibus
593 1175 620 1221 ut
633 1173 698 1238 post
710 1184 822 1223 versum
836 1172 888 1227 760
897 1172 978 1225 stultu
990 1178 1071 1243 queat

56 1254 127 1325 pleri
147 1254 240 1308 statim
260 1259 394 1323 sequatur
413 1253 437 1307 is
463 1252 541 1307 cuius
558 1252 665 1306 initium
686 1259 728 1307 est
747 1268 798 1308 nec
819 1259 874 1307 tom
890 1254 996 1324 doctra,
1019 1255 1071 1310 sed

58 1337 227 1393 interlicitur
243 1336 314 1391 alius
325 1337 366 1391 sic
378 1336 507 1406 quidem:

170 1430 222 1482 760
239 1431 319 1480 stulta
328 1438 405 1493 queat
414 1430 482 1493 fleri,
494 1445 541 1479 neo
550 1430 663 1494 prudens
673 1432 707 1480 sit
716 1446 780 1496 puer
792 1433 874 1493 ullus,

239 1502 261 1548 si
271 1514 336 1563 uon,
348 1507 416 1549 certa
426 1514 473 1548 suo
484 1500 543 1561 quia
552 1500 649 1548 semiue
660 1501 817 1564 seminioque

169 1568 221 1620 aba
239 1577 347 1619 nectam
359 1569 448 1619 doctus
457 1582 537 1631 cquae
546 1568 634 1632 pullus
645 1584 721 1632 quam
731 1570 804 1619 lortis
814 1574 873 1634 equi
883 1572 929 1626 vis.

59 1660 117 1715 lste
129 1656 241 1712 medius
258 1673 358 1714 versus
371 1659 485 1712 iteratur
502 1672 537 1711 ex
549 1674 592 1712 vs.
608 1659 660 1713 744
670 1656 753 1711 huius
768 1658 830 1712 libri
844 1660 928 1727 tertii,
942 1661 988 1715 ubi
1004 1678 1070 1733 per-

60 1742 103 1814 git
112 1740 259 1796 Lucretius
271 1742 326 1797 sio:

169 1838 221 1886 744
238 1838 261 1885 si
270 1851 335 1896 non,
345 1846 413 1886 certa
424 1852 470 1885 suu
480 1836 541 1898 quia
550 1836 648 1884 semine
658 1838 815 1898 seminioque

168 1906 220 1957 ⁷45
237 1906 276 1955 vis
286 1907 364 1955 animi
372 1906 468 1969 pariter
477 1905 569 1953 crescit
579 1918 637 1952 curn
647 1919 753 1969 corpore
762 1908 833 1953 toto't

63 2010 120 2049 ram
130 1994 194 2048 talis
206 1993 314 2047 iteratio
333 1993 437 2047 anullo
452 1993 555 2046 institui
567 1992 656 2062 potuit
670 1991 723 2045 nisi
741 1994 775 2046 ab
792 1991 1006 2063 interpolatore,
1023 1993 1069 2063 qui

62 2077 177 2149 quidem
193 2093 228 2131 eo
241 2076 357 2131 consilio
369 2076 433 2130 illuc
452 2077 594 2147 respicere
613 2076 693 2130 iussit
707 2078 842 2144 lectores,
859 2083 888 2130 ut
905 2076 997 2147 ipsum
1018 2078 1070 2132 sibi

61 2160 258 2217 contradicere
287 2161 449 2215 ostenderet
470 2160 637 2215 Lucretium.
684 2158 777 2232 Supra
799 2161 873 2216 enim
900 2163 981 2231 (744,
1002 2165 1069 2231 trs)

10 2266 12 2273 ·
62 2246 129 2317 quia
141 2246 198 2301 vim
213 2245 298 2299 animi
314 2244 419 2315 pariter
440 2261 503 2299 curn
519 2260 638 2316 corpore
656 2261 785 2300 creseere
800 2246 892 2299 statuit
907 2251 1006 2316 potita,
1022 2245 1069 2301 hic

10 2346 18 2375 ³-
62 2330 143 2397 (760)
158 2345 208 2385 cur
224 2345 297 2399 puer
312 2329 403 2383 nullus
420 2329 455 2383 sit
465 2328 591 2400 prudens
604 2329 769 2399 interrogari
786 2345 842 2383 non
857 2331 990 2384 debuisse
1007 2331 1068 2400 opi-

63 2419 144 2469 natus
160 2420 204 2468 est
220 2414 411 2484 interpolator.
459 2410 576 2481 (Similis
592 2412 660 2465 ratio
678 2427 812 2466 versuum
826 2416 985 2470 aso—651
1007 2414 1068 2468 libri

10 2528 15 2536 ·
63 2497 182 2553 secundi
196 2497 371 2552 iterationem
381 2502 446 2567 post
456 2497 476 2567 l,
487 2499 522 2553 43
536 2495 702 2567 progenuit3
717 2495 776 2549 vid.
788 2494 860 2551 Nov.
878 2495 951 2549 Mus.
966 2495 1019 2549 Rh.
1032 2496 1070 2565 V,

10 2579 15 2652 Ξ
63 2584 138 2650 576.)
188 2581 233 2635 Ex
250 2580 351 2637 eadem
378 2581 460 2652 igitur
481 2580 609 2648 officina,
633 2596 669 2634 ex
683 2594 738 2649 qua
754 2580 861 2634 iteratio
879 2580 941 2648 illa,
965 2579 1070 2652 prodiit

10 2688 17 2727 ι·
64 2664 146 2719 etiarn
157 2681 259 2722 versus
275 2666 327 2721 iste
337 2680 388 2720 nec
399 2672 454 2720 tam
465 2664 567 2735 doctus,
586 2680 640 2734 quo
657 2664 763 2735 logicas
776 2664 894 2736 ineptias
906 2680 972 2719 suas
990 2680 1068 2721 scur-

10 2738 32 2803 p·-
63 2748 105 2803 rili
122 2749 253 2804 irrisione
269 2750 420 2806 cumulavit
439 2748 623 2808 versificator,
641 2777 684 2789 -
704 2748 831 2803 Eandem
856 2756 949 2804 autem
966 2751 1071 2805 malam

63 2848 177 2889 manum
192 2833 409 2904 deprehendere
426 2832 506 2888 nobis
522 2834 653 2888 videmur
670 2833 697 2886 in
713 2834 812 2888 talibus
824 2835 954 2889 versibus
970 2835 1068 2904 quales

23 2969 26 2975 .
63 2918 192 2989 leguntur
205 2918 251 2988 111,
263 2922 329 2984 6833
347 2917 393 2988 ΙΙΙ,
406 2920 472 2983 793;
493 2917 527 2984 V,
540 2922 606 2983 312,
630 2917 689 2987 qui,
707 2917 760 2970 nisi
773 2916 901 2974 codicum
914 2918 1068 2989 scripturas

26 3009 31 3022 ’
62 3002 201 3057 violenter
214 3002 383 3069 mutaveris,
401 3018 456 3056 non
472 3006 603 3072 poterunt
618 3001 846 3056 Lucretianorum
858 3005 1010 3057 verborum
1026 3009 1067 3057 te-

63 3086 124 3141 nori
135 3085 272 3157 adaptari.
312 3084 414 3141 Contra
431 3092 478 3140 aut
495 3084 561 3140 nihil
577 3093 623 3140 aut
641 3086 785 3141 levissima
797 3087 930 3141 mutanda
941 3094 1020 3159 sunt,
1038 3093 1068 3141 ut

26 3175 29 3181 '
64 3170 109 3225 vel
119 3169 214 3224 irrisio
228 3171 273 3227 vel
285 3170 431 3240 explicatio
443 3170 648 3240 interpolatoris
665 3176 808 3240 appareat.

121 3252 185 3308 Duo
199 3253 273 3309 hacc
290 3256 509 3325 corruptelarum
530 3268 636 3324 genera
654 3255 724 3307 ultra
741 3253 828 3323 lines,
848 3270 918 3325 quos
940 3255 980 3309 eis
997 3270 1066 3309 eon-

62 3328 149 3393 stituit
156 3336 370 3406 Lachmannus‚
385 3336 524 3408 pertinere
539 3337 708 3407 putavimus.
738 3336 912 3394 Contrarium
924 3338 1025 3393 accidit
1038 3340 1066 3392 in

62 3436 98 3477 tto
110 3436 235 3494 genere,
250 3422 287 3477 ad
304 3422 379 3492 quod
392 3422 446 3476 iam
458 3421 607 3475 transimus
625 3421 757 3492 quodque
771 3424 926 3478 continetur
937 3437 1065 3479 uersuram
