2288 3886
533 152 573 213 Vl
991 153 1053 219 165

80 338 123 390 20
134 326 237 406 partim
249 323 325 403 quod
340 323 446 382 luxum
455 330 658 401 pertusumque
670 339 737 382 esse
748 321 894 400 videbat‚'
919 342 923 348 ·

139 419 172 469 ut
185 407 262 468 nulla
272 416 375 487 posset
386 407 494 465 ratione
507 403 652 482 explerier
661 423 808 483 umquam;

140 493 242 570 partim
252 490 329 569 quod
340 498 433 550 taetro
445 489 526 568 quasi
539 503 733 565 conspurcare
744 506 848 568 sapore

139 577 231 634 omnia
245 573 400 649 comebat²
412 588 608 650 quaecumque
619 582 788 650 receperat‚
801 575 884 633 intus.

140 658 274 718 veridicis
285 659 373 734 igitur
384 656 515 734 purgavit
526 663 647 732 pectora
658 653 757 732 dictis,

85 750 123 804 25
138 751 168 801 et
180 742 264 801 linem
275 741 371 801 statuit
383 738 550 818 cuppedinis
563 747 647 817 atque
659 739 783 815 timoris,

142 826 331 902 exposuitque
344 824 447 883 bonum
460 839 614 898 summum,
631 838 687 900 quo
699 821 838 883 tendimus
853 842 968 903 omnes,

146 907 314 985 quidforet,
331 916 414 984 atque
426 907 498 964 niam
509 906 690 983 monstravit,
704 907 812 967 tramite
824 926 912 986 parvo

144 1009 199 1070 qua
207 1009 358 1070 possemus
369 989 404 1049 ad
415 989 444 1047 id
457 997 539 1048 recto
552 988 725 1049 contendere
738 1007 840 1067 cursu,

144 1075 247 1154 quidve
257 1073 321 1133 mali
333 1073 408 1132 loret
419 1074 447 1131 in
458 1073 545 1132 rebus
557 1071 716 1132 mortalibu'
729 1075 849 1152 passim,

91 1168 129 1220 30
140 1158 216 1237 quod
227 1159 310 1218 fieret
322 1155 439 1216 naturali
452 1158 586 1234 varieque
597 1156 707 1216 volaret

141 1261 192 1302 seu
203 1259 288 1301 causa
299 1259 351 1301 seu
362 1242 407 1317 vi,
422 1239 497 1319 quod
509 1241 552 1299 sic
563 1250 661 1300 natura
672 1250 816 1318 parasset,

140 1335 170 1386 et
182 1326 283 1404 quibus
295 1344 311 1384 e
324 1327 415 1400 portis
428 1325 539 1384 occurri
551 1325 653 1401 cuique
667 1323 801 1402 deceret,

140 1417 271 1485 etgarus
284 1407 432 1466 humanum
443 1407 546 1467 frustra
557 1405 725 1486 plerumque
737 1410 866 1487 probavit

138 1491 258 1552 volnere
271 1509 399 1551 curarum
408 1493 497 1551 tristis
509 1493 537 1549 in
548 1499 668 1569 pectore
681 1491 792 1553 ductus.

89 1586 126 1638 35
141 1593 203 1635 nam
213 1574 302 1635 veluti
314 1577 395 1653 pueri
406 1575 547 1653 trepidant
560 1583 644 1654 atque
661 1577 751 1636 omnia
764 1579 860 1638 caecis

139 1662 167 1718 in
179 1659 306 1719 tenebris
318 1668 462 1734 metuunt,
475 1661 518 1718 sic
530 1676 582 1719 nos
597 1661 625 1718 in
636 1659 702 1720 luce
714 1663 843 1722 timemus

137 1742 290 1819 interdum,
303 1742 360 1802 nilo
373 1761 444 1821 quae
457 1752 520 1802 sunt
532 1743 681 1801 metuenda
692 1747 781 1820 magis
793 1764 876 1822 quam

140 1844 211 1904 quae
224 1827 305 1903 pueri
319 1827 346 1884 in
359 1826 485 1886 tenebris
496 1827 620 1902 pavitant
632 1827 796 1905 linguntque
808 1826 907 1887 futura.

137 1909 211 1968 huno
223 1912 307 1986 igitur
318 1920 457 1969 terrorem
468 1908 549 1967 animi
559 1909 752 1987 tenebrasque
763 1920 914 1970 necessest

89 2002 126 2055 40
139 2011 195 2052 non
206 1993 276 2051 radii
287 1993 358 2053 solis
369 2011 424 2052 neo
436 1991 529 2050 lucida
542 1991 599 2051 tela
609 1991 664 2051 diei
730 2063 731 2066 Ἴ

139 2075 303 2154 discutiant,
316 2077 367 2136 sed
378 2086 492 2136 naturae
505 2078 620 2155 species
632 2079 769 2156 ratioque.

138 2177 194 2239 quo
205 2162 294 2237 magis
306 2162 451 2238 inceptum
462 2179 579 2239 pergam
591 2171 745 2240 pertexere
756 2163 848 2225 dictis.

178 2242 216 2303 Et
228 2246 358 2321 quoniam
372 2244 455 2304 docui
466 2244 558 2303 nnuudi
570 2246 696 2306 mortalia
707 2248 812 2325 templa

136 2345 203 2387 csse
216 2336 244 2386 et
254 2330 349 2387 nativo
362 2330 519 2391 consistere
537 2346 659 2405 corpore
673 2329 799 2407 caelum,

85 2420 119 2472 45
135 2421 163 2470 et
176 2429 370 2490 quaecumque
383 2414 410 2471 in
423 2428 458 2472 eo
472 2412 540 2471 fiunt
548 2419 732 2490 possuntque
742 2426 894 2476 necessest

136 2493 273 2574 pleraque
287 2495 422 2573 dissolui,
438 2513 509 2573 quae
520 2505 629 2556 restant
640 2498 759 2575 percipe
771 2515 874 2575 pomo,

138 2577 363 2657 quandoquidem
374 2579 464 2640 semel
475 2581 615 2658 insignem
628 2580 824 2640 conscendere
838 2577 951 2641 currum

540 2689 555 2725 *

135 2783 281 2840 ventorum
294 2777 429 2854 existant,
442 2776 590 2854 placentur
603 2779 693 2838 omnia
702 2797 812 2839 rursum

538 2892 553 2924 'F

136 3009 208 3071 quae
219 2991 342 3071 luerint,
356 2997 410 3055 sint
422 2994 534 3073 placato
549 3010 687 3054 conversa
698 2994 810 3054 lurore:

85 3086 120 3151 50
135 3085 314 3156 actamquae
328 3078 388 3137 lieri
402 3081 429 3137 in
441 3080 525 3138 terris
539 3075 679 3155 caeloque
691 3086 805 3138 tuentur

133 3160 286 3239 mortales,
299 3161 408 3240 pavidis
422 3180 486 3220 oum
496 3159 622 3239 pendent
633 3160 768 3220 mentibu‘
779 3178 886 3239 saepe,

134 3241 209 3303 haec
220 3243 325 3305 faciunt
337 3248 443 3304 animos
455 3242 567 3303 humilis
579 3243 727 3303 formidine
743 3243 836 3304 divom

136 3326 351 3407 depressosque
362 3339 492 3407 premunt
503 3327 536 3387 ad
551 3336 653 3387 terram
664 3337 817 3406 propterea
828 3329 904 3409 quod

133 3410 289 3489 ignorantia
301 3430 446 3472 causarum
459 3411 591 3472 conlerre
603 3411 719 3472 deorum
