2288 3886
124 157 187 223 152
346 176 353 190 ‘
617 154 641 214 V

209 327 354 406 posterius
366 321 501 385 tremulas
514 341 602 404 super
612 319 710 382 ulcera
722 331 795 382 tetra
806 331 941 385 tenentes

209 407 317 490 palmas
330 407 477 468 horriferis
488 409 619 468 accibant
630 404 750 465 vocibus
766 404 884 483 Orcum,

144 502 196 557 995
211 493 335 571 donique
347 509 399 555 eos
410 493 467 550 vita
482 493 624 569 privarant
635 490 760 549 vermina
772 488 874 567 saeva,

209 579 336 656 expertis
349 577 431 654 opis,
445 576 559 652 ignaros
573 571 640 653 quid
649 569 767 632 volnera
777 571 894 633 vellent.

208 670 236 721 at
250 678 307 720 non
317 659 403 721 multa
413 661 502 718 virum
514 660 567 719 sub
580 658 669 735 signis
682 655 756 715 milia
768 656 851 716 ducta

210 763 263 804 una
276 744 337 805 dies
350 745 431 804 dabat
443 745 548 820 exitio,
563 760 618 802 000
630 740 739 800 turbida
749 742 828 818 ponti

209 845 334 905 aequora
347 827 481 904 bigebant
492 829 571 887 navis
584 826 618 886 ad
631 842 698 886 saxa
709 825 853 902 virosque.

128 921 194 974 1000
209 912 255 972 lric
267 922 376 972 temere
388 913 416 970 iu
428 928 539 975 cassum
550 909 652 970 frustra
663 925 740 968 mare
753 926 841 987 saepe
853 917 985 969 coortum

209 997 336 1057 saevibat
349 994 508 1071 leviterque
523 996 610 1054 minas
622 993 746 1071 ponebat
758 992 865 1070 inanis,

209 1099 264 1140 000
277 1088 387 1159 poterat
400 1078 568 1156 quemquam
579 1075 683 1156 placidi
697 1074 819 1154 pellacia
829 1078 908 1156 ponti

210 1163 329 1225 subdola
342 1162 480 1242 pellicere
495 1165 524 1221 in
535 1160 662 1221 fraudem
675 1159 833 1220 ridentibus
844 1159 934 1221 undis.

211 1247 351 1327 [improba
361 1248 464 1323 navigii
479 1249 549 1306 ratio
561 1255 620 1304 tum
635 1261 722 1304 00000
736 1244 857 1323 iacebat]

129 1342 193 1394 1005
209 1342 267 1392 tum
280 1332 395 1409 penuria
407 1329 507 1388 deinde
519 1330 575 1390 cibi
586 1328 746 1406 languentia
760 1327 820 1388 leto

210 1415 335 1475 membra
347 1413 446 1488 dabat,
463 1424 561 1473 contra
571 1431 645 1472 nnnc
656 1429 750 1470 rerum
762 1414 844 1490 copia
855 1421 970 1472 mersat.

209 1498 250 1556 illi
265 1497 449 1574 inprudentes
462 1498 515 1575 ipsi
529 1497 581 1556 sibi
593 1513 681 1574 saepe
695 1512 835 1555 venenum

211 1581 387 1658 vergebant,
399 1597 473 1639 nunc
485 1578 550 1640 dant
562 1582 632 1640 aliis
646 1579 790 1639 sollertius
803 1580 905 1657 ipsum.

252 1664 321 1724 inde
338 1680 419 1724 casas
430 1671 580 1743 postquam
590 1682 625 1723 00
636 1663 722 1741 pellis
733 1665 885 1742 ignemque
896 1675 1052 1744 pararunt,

126 1758 195 1811 1010
207 1758 235 1809 01
247 1747 348 1807 mulier
360 1748 509 1808 coniuncta
523 1749 584 1807 viro
600 1749 744 1808 concessit
756 1749 784 1806 iu
794 1765 878 1806 unum

211 1832 388 1909 coniugium,
404 1830 572 1910 prolemque
585 1850 665 1892 exse
676 1830 774 1890 videre
788 1841 928 1912 creatam,

209 1924 267 1975 tuni
282 1934 373 1994 genus
388 1916 537 1974 humanum
553 1917 672 1994 primum
682 1912 855 1975 mollescere
868 1919 974 1995 coepit.

209 2001 283 2078 ignis
295 2002 368 2059 enim
383 2001 490 2058 curavit
504 2009 534 2058 nt
548 1998 617 2059 alsia
629 2015 749 2076 corpora
760 1997 849 2077 frigus

210 2099 266 2141 non
277 2085 316 2142 ita
328 2084 382 2141 iam
392 2092 511 2161 possent
524 2082 595 2142 caeli
611 2082 664 2142 sub
679 2083 804 2159 tegmine
815 2082 909 2162 ferre,

126 2175 194 2228 1015
209 2174 239 2226 et
249 2165 348 2225 Venus
360 2167 484 2225 inminuit
495 2166 580 2243 viris,
593 2167 731 2245 puerique
742 2176 889 2244 parentum

212 2247 353 2309 blanditiis
365 2247 449 2308 iacile
460 2250 603 2326 ingenium
615 2249 731 2326 fregere
744 2251 906 2329 superbum.

210 2341 278 2392 tunc
291 2341 319 2392 et
330 2333 481 2393 amicitiem
496 2342 653 2412 coeperunt
667 2335 786 2410 iungere
797 2343 916 2395 aventes

211 2416 317 2477 finitimi
327 2418 400 2476 inter
411 2436 442 2478 se
454 2433 510 2476 nec
522 2414 638 2477 laedere
649 2435 704 2476 neo
716 2414 832 2495 violari,

211 2510 240 2560 et
256 2516 362 2580 pueros
374 2499 602 2560 commendarunt
613 2499 809 2579 muliebreque
820 2500 967 2579 saeclum,

126 2595 194 2646 1020
207 2585 328 2644 vocibus
340 2592 369 2643 et
380 2594 463 2660 gestu
477 2601 540 2642 oum
550 2583 635 2644 balbe
647 2584 838 2661 significarent

210 2664 417 2726 imbecillorum
428 2685 496 2726 esse
507 2685 628 2746 aequum
639 2670 801 2728 misererier
815 2671 914 2727 omnis.

209 2768 265 2809 nec
275 2759 368 2809 tamen
382 2750 547 2812 omnimodis
561 2760 671 2830 poterat
684 2751 835 2811 concordia
849 2753 946 2830 gigni,

210 2832 262 2892 sed
277 2833 349 2892 bona
363 2850 519 2912 magnaque
532 2852 596 2912 pars
608 2835 740 2896 servabat
750 2834 867 2895 foedera
879 2845 975 2896 caste:

209 2926 256 2977 aut
268 2935 359 2994 genus
370 2915 517 2975 humanum
532 2919 585 2978 iam
596 2927 653 2978 tum
667 2917 742 2978 foret
757 2936 839 2978 omne
851 2928 1053 2997 peremptum,

126 3011 193 3064 1025
209 3020 263 3061 000
278 3001 419 3080 potuisset
430 3000 522 3060 adlruc
533 3001 693 3080 perducere
709 3002 804 3064 saecla
815 3020 954 3082 propago.

251 3086 289 3147 At
303 3087 396 3145 varios
411 3082 525 3162 linguae
538 3088 647 3146 sonitus
659 3094 755 3146 natura
767 3087 882 3163 subegit

207 3172 336 3246 mittere,
353 3177 383 3228 et
394 3167 497 3228 utilitas
512 3170 654 3249 expressit
666 3171 777 3230 nomina
787 3188 899 3247 rerum,

209 3270 264 3312 non
278 3252 333 3312 alia
343 3252 430 3329 longe
441 3255 549 3312 ratione
560 3264 645 3333 atque
654 3254 717 3332 ipsa
728 3254 840 3313 videtur

209 3336 374 3414 protrahere
386 3337 420 3394 nd
432 3346 544 3413 gestum
559 3353 665 3414 pueros
679 3335 792 3398 infantia
805 3338 937 3414 linguae,

127 3427 193 3480 1030
205 3420 346 3480 eumfacit
358 3429 387 3478 ut
400 3420 487 3498 digito
504 3439 575 3500 quae
590 3423 646 3483 sint
657 3421 817 3500 praesentia
831 3428 999 3481 monstrent.
