2288 3886
540 160 581 222 lv

142 334 236 394 denec
246 333 275 392 in
286 331 440 392 obscurum
453 333 517 391 coni
529 333 663 392 conduxit
674 351 801 395 acumen.

71 426 130 483 000
141 419 170 478 in
181 415 288 496 pelago
299 417 391 476 nantis
403 432 442 474 ex
452 415 533 475 undis
546 426 623 476 crtus
636 419 663 476 in
674 418 755 480 undis

141 499 188 564 sol
199 500 229 561 lit
240 501 280 560 uti
291 498 421 560 videatur
433 498 514 559 obire
525 509 554 559 et
568 500 693 561 condere
705 501 813 572 lumen;

142 587 250 665 qnippe
262 584 310 644 ubi
320 582 360 643 nil
371 581 446 643 aliud
457 585 510 643 nisi
522 600 621 662 aquam
634 584 801 664 caelumque
813 597 929 648 tuentur

140 688 180 730 nc
190 668 294 729 leviter
306 666 407 728 credas
419 665 584 727 labefactari
597 667 719 747 undique
733 688 845 732 sensus.

142 763 170 814 at
181 754 265 813 maris
277 752 382 829 ignaris
394 753 518 829 inportu
530 750 629 812 clauda
640 751 771 813 videntur

72 847 130 900 435
142 837 254 914 navigia
265 835 400 915 aplustris
413 834 510 896 iunctis
523 835 645 896 obnitier
655 836 755 896 undae.

141 938 206 981 narn
217 937 414 998 quaecumque
425 937 511 997 supra
521 935 617 979 rorem
628 918 695 981 salis
707 920 782 981 edita
793 940 859 1000 pars
871 933 916 983 est

141 1021 303 1081 remorum,
315 1012 469 1080 recteest,
482 1012 511 1063 et
522 1013 601 1062 recta
613 1021 736 1082 superne
752 1005 894 1081 guberna:

143 1105 217 1168 quae
228 1087 360 1148 demersa
372 1086 512 1165 liquorem
524 1087 646 1164 obeunt,
659 1087 781 1147 refracta
792 1088 923 1149 videntur

143 1173 235 1232 omnia
250 1172 379 1231 converti
388 1187 557 1248 sursumque
570 1173 670 1249 supina
679 1174 787 1231 reverti

74 1265 133 1318 440
143 1265 173 1316 et
182 1254 293 1316 rellexa
305 1272 397 1333 prupe
409 1255 437 1313 in
448 1271 557 1314 summu
568 1254 677 1315 fluitare
688 1254 810 1334 liquore.

142 1357 262 1417 ruraque
273 1357 327 1418 per
338 1337 449 1399 caelum
459 1355 522 1397 cum
533 1341 610 1398 venti
621 1338 716 1400 nubila
725 1349 837 1418 portant

143 1433 274 1501 tempore
285 1431 443 1498 nocturne,
458 1431 517 1481 tum
528 1422 676 1501 splendida
686 1425 767 1502 signa
776 1424 907 1485 videntur

143 1508 233 1568 labier
243 1505 394 1567 adversum
404 1506 515 1566 nimbos
526 1516 611 1585 atque
622 1509 664 1567 ire
677 1526 801 1586 superne

143 1590 230 1668 lunge
241 1589 322 1650 aliam
333 1592 361 1650 in
372 1600 482 1669 partem
492 1607 526 1650 ac
536 1609 604 1650 vera
614 1593 723 1652 ratione
735 1592 870 1653 feruntur.

77 1684 133 1739 445
144 1686 171 1736 at
183 1677 208 1736 si
220 1673 295 1734 lortc
309 1673 394 1735 oculu
407 1691 504 1734 manus
516 1677 561 1733 uni
573 1675 684 1735 subdita
697 1685 797 1754 supter

144 1759 251 1840 pressit
263 1776 344 1835 eum,
358 1756 479 1837 quodam
490 1776 577 1817 sensu
591 1759 620 1817 lit
634 1760 674 1817 uti
685 1757 832 1818 videantur
911 1798 914 1803 -

145 1845 253 1919 omnia,
266 1859 338 1921 quae
348 1844 468 1918 tuimur,
482 1841 542 1900 lieri
553 1851 611 1900 tum
623 1841 686 1900 bina
698 1840 820 1918 tuendo,

144 1929 209 1989 ltina
220 1925 399 1986 lucernarum
411 1924 539 1985 florentia
553 1924 656 1983 lumina
667 1922 801 2000 llammis,

144 2012 266 2089 binaque
278 2029 331 2089 per
341 2019 415 2070 totas
426 2008 504 2070 aedis
516 2010 661 2085 geminare
673 2006 822 2087 supellex,

76 2103 132 2158 450
144 2105 174 2156 et
185 2093 307 2172 duplicis
319 2094 461 2153 homiuum
471 2092 561 2153 facies
573 2102 602 2153 et
616 2110 737 2172 corpora
748 2093 820 2153 bina.

145 2179 268 2256 denique
281 2196 344 2237 cum
355 2179 434 2238 suavi
446 2176 572 2237 devinxit
582 2178 707 2238 membru
719 2195 825 2256 sopore

145 2281 261 2325 somnus
275 2263 344 2321 etin
357 2278 463 2321 summa
478 2278 582 2340 corpus
593 2262 667 2321 iacet
678 2279 761 2321 cmue
773 2263 886 2340 quiete,

145 2357 204 2407 turn
215 2345 335 2422 vigilare
349 2355 443 2405 tamen
453 2345 535 2405 nobis
548 2354 578 2403 et
588 2344 713 2404 membra
724 2361 840 2404 movere

144 2440 242 2490 nostru
252 2428 396 2505 videmur,
412 2437 441 2488 et
453 2430 481 2487 in
492 2429 585 2488 noctis
599 2426 720 2504 caligine
734 2444 821 2485 caeca

76 2521 132 2575 455
145 2530 265 2577 cernere
277 2531 427 2573 censemus
440 2511 532 2573 sclern
543 2511 694 2589 lumenque
707 2509 851 2587 dlumum,

146 2596 343 2676 conclusoque
354 2596 421 2656 locu
434 2594 544 2656 caelum
557 2613 632 2656 mare
644 2594 755 2654 flumina
766 2595 868 2654 montis

143 2692 252 2744 mutare
264 2690 293 2742 et
304 2697 421 2759 campos
433 2680 553 2758 pedibus
565 2681 683 2741 transire
694 2677 839 2757 videmur,
894 2730 897 2747 1

145 2776 175 2828 et
186 2767 295 2827 sonitus
305 2764 417 2842 audire,
429 2781 531 2824 severa
541 2764 652 2825 silentia
661 2766 754 2825 noctis

144 2849 269 2928 undique
286 2867 350 2909 cum
361 2857 509 2926 constent,
522 2857 551 2908 et
564 2847 687 2909 reddere
699 2847 773 2907 dicta
784 2855 925 2909 tacentes.

79 2941 134 2996 460
146 2943 242 2996 cetera
253 2933 289 2994 de
300 2950 409 3010 genere
420 2931 477 2992 hcc
488 2929 622 2991 miracula
635 2930 720 2992 multa
730 2931 874 3008 videmus,

145 3036 218 3097 quae
230 3015 338 3077 violare
351 3015 435 3076 iidem
447 3017 527 3095 quasi
542 3015 673 3076 sensibus
685 3017 775 3074 omnin
788 3021 943 3092 quaerunt,

144 3103 331 3181 nequiquam,
345 3101 475 3179 quoniam
487 3117 552 3177 pars
563 3098 662 3158 horum
676 3100 793 3157 maxima
806 3094 877 3155 fallit

145 3196 266 3266 propter
276 3187 406 3264 opinatus
418 3184 517 3260 animi,
532 3199 604 3261 quos
616 3179 742 3241 addimus
756 3181 827 3258 ipsi,

145 3289 198 3350 pro
209 3271 280 3331 visis
291 3278 321 3328 ut
332 3270 387 3330 sint
400 3286 472 3347 quae
484 3283 540 3326 non
552 3275 616 3326 sunt
628 3264 753 3326 sensibu’
766 3266 842 3324 visa:

81 3361 133 3416 466
145 3373 209 3415 nam
220 3354 259 3413 nil
269 3354 383 3430 aegrius
395 3361 440 3413 est
451 3369 534 3430 quam
544 3368 592 3409 res
606 3365 760 3409 secernere
773 3357 886 3425 apertas

145 3440 181 3499 ab
194 3438 301 3515 dubiis,
318 3438 424 3496 animus
437 3453 506 3514 quas
518 3434 553 3493 ab
569 3452 602 3494 se
615 3433 742 3510 protinus
754 3431 839 3492 addit.
