2310 3892
503 224 529 283 V

103 409 141 452 ox
151 390 258 451 infinito
270 391 322 450 ianr
338 399 467 469 tempore
482 391 591 470 percita
602 390 695 469 plagis

101 473 334 554 ponderibusque
345 475 404 535 suis
420 482 591 534 oonsuemnt
603 477 714 534 concita
727 475 795 539 ferri

55 570 89 622 πὸ
102 558 325 636 omnimodisque
339 559 417 619 coire
428 567 514 635 atque
527 558 617 617 omnia
628 566 836 639 pertemptare,

102 659 298 720 quaecumque
310 642 383 701 inter
393 661 426 701 se
440 649 559 719 possent
570 657 728 719 congresse
743 660 860 720 creare,

101 733 256 806 propterea
267 725 297 784 lit
309 726 348 784 uti
359 742 489 802 magnum
503 722 618 802 volgata
629 742 683 804 per
696 743 797 786 aevom

102 826 185 869 omne
196 826 286 886 geum
302 817 402 868 coetus
416 817 445 868 et
455 817 548 868 motus
563 807 737 887 experiundo

101 891 214 953 tandem
226 892 394 952 conveniant
405 911 438 951 eu
452 909 523 970 quae
537 901 675 952 convecto
686 902 806 971 repente

55 987 89 1042 oo
100 993 263 1053 magnarum
273 993 367 1035 rerum
380 976 446 1034 irunt
457 975 572 1034 exordia
587 993 719 1054 semper,

102 1060 187 1120 terrai
196 1061 280 1120 maris
293 1068 322 1119 et
336 1057 409 1119 caeli
423 1060 596 1136 generisque
611 1061 786 1119 animantum.

143 1143 197 1202 llic
207 1160 301 1222 neque
315 1151 373 1203 tum
382 1141 452 1202 solis
464 1150 525 1201 rota
538 1143 617 1202 eerni
629 1140 733 1202 lumine
748 1142 828 1221 largo

102 1225 251 1287 altivolans
263 1233 373 1305 poterat
384 1244 439 1287 nee
450 1227 541 1303 magui
554 1225 647 1286 sidera
658 1226 752 1287 mundi

100 1328 243 1372 neumare
254 1328 309 1370 neo
321 1308 431 1370 eaelum
441 1328 496 1369 uec
511 1308 634 1388 denique
646 1319 722 1370 terra
731 1328 824 1390 neque
836 1317 887 1371 aer

55 1404 89 1459 35
101 1413 156 1455 uec
170 1391 268 1454 similis
278 1394 383 1453 nostris
395 1393 480 1453 rebus
492 1411 539 1454 res
554 1392 610 1452 ulla
620 1392 728 1471 videri,

102 1476 155 1539 sed
165 1492 238 1536 nova
248 1485 403 1556 tempestas
416 1476 551 1555 quaedam
566 1477 715 1557 molesque
728 1487 828 1540 coorta

103 1578 185 1621 omne
199 1578 290 1638 genus
303 1559 338 1619 de
350 1562 515 1639 principiis,
528 1560 668 1621 discordia
679 1578 798 1641 quorum

102 1642 249 1705 intervalla
259 1645 320 1704 vim
333 1661 460 1704 conexus
472 1645 598 1723 pondera
609 1644 709 1724 plagas

103 1744 259 1788 concursus
271 1735 363 1788 motus
378 1726 506 1788 turbabat
518 1727 626 1806 proelia
637 1731 779 1806 miscens,

55 1821 90 1875 40
102 1821 221 1890 propter
232 1809 374 1871 dissimilis
386 1811 490 1871 formas
502 1812 650 1889 vanasque
663 1812 765 1888 ligurus

103 1893 178 1974 quod
191 1911 246 1954 non
259 1895 350 1954 omnia
361 1895 402 1954 sio
415 1903 544 1973 poterant
558 1896 706 1954 coniuncta
717 1911 831 1956 manere

101 1997 157 2038 neo
167 1986 259 2038 motus
269 1979 344 2037 iuter
355 1996 422 2038 sese
434 1976 500 2038 dare
513 1979 716 2039 convenientis.

103 2061 241 2139 diffugere
252 2060 317 2121 inde
329 2061 385 2121 loci
397 2071 492 2140 partes
508 2079 650 2139 coepere,
663 2079 805 2141 paresque

103 2144 292 2224 comparibus
305 2147 381 2224 iungi
392 2164 441 2207 res
453 2155 482 2206 et
496 2145 658 2206 discludere
669 2144 799 2205 muudum

55 2239 90 2293 45
102 2229 283 2308 membraque
296 2229 421 2290 dividere
433 2239 463 2290 et
474 2247 588 2306 maguus
601 2228 754 2307 disponere
762 2240 876 2308 partes,

103 2312 159 2374 boe
170 2323 232 2391 est,
244 2331 260 2373 a
271 2314 355 2374 terris
369 2311 455 2373 altum
467 2330 621 2373 secernere
637 2311 762 2389 caelum,

103 2405 132 2458 et
143 2414 254 2458 sorsum
267 2414 343 2457 mare
354 2399 394 2456 uti
406 2406 521 2457 secreto
532 2413 630 2454 umore
641 2404 769 2474 pateret,

102 2498 220 2543 seorsus
232 2481 300 2541 item
313 2481 376 2559 puri
388 2481 551 2558 secretique
565 2477 689 2539 {aetheris
701 2480 793 2556 ignes.

145 2562 258 2643 Quippe
270 2565 374 2624 etenim
385 2564 502 2642 primum
514 2564 598 2623 terrai
610 2579 730 2642 corpora
741 2580 887 2643 quaeque,

55 2658 91 2712 >50
104 2656 259 2726 propterea
271 2646 347 2725 quod
360 2656 439 2707 erant
450 2648 545 2725 gravia
561 2657 590 2707 et
602 2646 756 2726 perplexa,
769 2647 881 2708 coibant

101 2733 130 2790 in
140 2730 233 2791 medio
247 2740 331 2809 atque
342 2732 411 2791 imas
422 2730 572 2811 capiebant
583 2733 674 2791 omnia
685 2729 787 2800 sedes;

103 2831 176 2894 quae
189 2825 294 2892 quanto
304 2816 394 2891 magis
407 2815 480 2875 inter
489 2833 522 2875 se
534 2813 672 2893 perplexa
684 2815 814 2893 coibant,

103 2907 159 2959 tam
169 2899 259 2975 magis
272 2915 446 2977 expressere
458 2917 492 2958 ea
504 2915 578 2975 quae
588 2915 665 2957 mare
676 2896 769 2957 sidera
781 2897 871 2958 solem

103 2980 253 3061 lunamque
267 2981 418 3042 efficerent
429 2992 458 3042 et
472 2982 564 3058 magni
579 2982 689 3040 moenia
700 2979 808 3042 mundi:

55 3075 89 3128 55
103 3066 195 3126 omnia
207 3065 281 3125 enirn
291 3066 381 3143 magis
392 3064 464 3125 baec
477 3083 494 3124 e
505 3062 617 3124 levibus
629 3072 713 3142 atque
724 3063 851 3124 rutundis

103 3149 256 3210 seminibus
267 3148 413 3228 multoque
427 3147 572 3208 minoribu'
584 3156 648 3207 sunt
660 3145 809 3207 elementis

103 3250 186 3311 quam
197 3231 293 3293 tellus.
305 3232 389 3309 ideo,
401 3251 455 3312 per
466 3249 527 3292 rara
539 3231 689 3307 foramina,
701 3240 795 3290 terrae

103 3315 230 3396 partibus
247 3333 398 3395 erumpens
409 3318 516 3395 primus
528 3334 561 3376 se
573 3313 687 3375 sustulit
698 3312 797 3374 aether

102 3400 206 3477 ignifer
217 3410 246 3460 et
256 3398 360 3460 multos
370 3418 468 3460 secum
479 3398 552 3460 levis
563 3396 677 3459 abstulit
687 3399 777 3476 ignis,

55 3492 91 3548 60
101 3501 158 3543 nou
170 3482 223 3543 alia
234 3481 322 3560 longe
334 3485 442 3544 ratione
454 3501 488 3543 ac
502 3500 590 3563 saepe
602 3481 748 3556 videntur,
