2288 3886
548 188 587 248 t'i
788 226 790 231 ·
1007 192 1070 255 175

149 383 188 425 an
198 374 258 425 tum
269 361 402 423 bracchia
417 373 608 424 consuescunt
620 366 784 445 firmantque
797 365 942 428 lacertos?

152 449 184 508 in
194 457 329 526 terraque
340 447 429 525 patris
443 464 493 505 cur
503 445 592 506 telum
604 450 801 526 perpetiuntur

155 527 294 610 optundi‘l
306 548 357 589 cur
367 532 432 606 ipse
444 532 525 607 sinit,
538 548 633 608 neque
644 534 735 609 parcit
745 535 773 592 in
784 531 897 594 bostis?

80 628 138 680 too
156 614 279 693 denique
296 630 346 672 cur
357 631 506 692 numquam
519 613 599 674 caelo
611 616 676 674 iacit
691 615 813 694 undique
825 636 897 695 puro

153 697 283 777 luppiter
294 698 323 755 in
334 705 425 757 terras
438 696 544 756 fulmen
555 699 722 776 sonitusque
734 699 897 778 profundit?

154 800 190 842 an
202 779 284 842 simul
295 797 329 840 ac
341 781 432 840 nubes
445 797 634 858 successere,
646 784 709 860 ipse
721 785 749 841 in
760 801 809 842 eas
823 793 881 843 tum

154 864 323 940 descendit,
335 881 428 943 prope
439 873 468 922 ut
478 863 544 923 binc
554 863 605 924 teli
621 865 789 925 determinet
801 865 895 927 ictus?

153 951 183 1008 in
196 966 272 1008 mare
285 965 339 1026 qua
349 964 436 1026 porro
446 949 529 1006 mittit
541 945 669 1007 ratione?
682 950 749 1027 quid
759 950 847 1010 undas

82 1044 139 1098 405
152 1034 245 1109 arguit
256 1040 285 1091 et
300 1031 432 1109 liquidam
442 1030 546 1090 molem
558 1049 732 1110 camposque
744 1031 883 1094 natantis?

152 1124 303 1196 praeterea
317 1118 341 1175 si
352 1113 413 1174 vult
424 1131 573 1174 caveamus
586 1114 709 1176 fulminis
721 1119 823 1195 ictum,

156 1217 208 1260 cnr
218 1199 324 1258 dubitat
335 1199 433 1258 facere
445 1207 476 1258 ut
487 1200 630 1276 possimus
643 1217 763 1261 cernere
773 1198 910 1261 missum?

153 1286 178 1346 si
190 1283 386 1360 necopinantis
397 1290 491 1341 autem
501 1281 560 1342 volt
573 1284 735 1362 opprimere
746 1284 821 1362 igni,

156 1385 208 1427 cur
218 1375 294 1426 tonat
309 1386 347 1425 ex
358 1365 407 1424 illa
419 1374 517 1444 parte,
531 1375 561 1425 ut
572 1368 661 1435 uitare
673 1384 826 1447 queamus,

84 1461 143 1514 tto
158 1469 209 1510 cur
220 1450 354 1510 tenebras
366 1458 431 1509 ante
444 1458 473 1509 et
485 1449 613 1510 fremitus
625 1460 654 1510 et
665 1468 803 1511 murmura
816 1448 931 1512 conciti

156 1544 186 1594 et
197 1532 279 1593 simul
291 1536 319 1592 in
330 1534 432 1594 multas
443 1534 531 1610 partis
543 1537 590 1611 qui
604 1534 723 1595 credere
735 1537 831 1613 possis

155 1613 290 1677 mittere?
301 1635 335 1676 an
347 1617 402 1677 hoc
416 1618 491 1678 ausis
502 1635 651 1697 numquam
663 1620 837 1681 contendere
850 1620 972 1700 facturn,

153 1710 185 1761 ut
196 1702 297 1761 fierent
308 1703 381 1760 ictus
392 1717 449 1759 uno
461 1702 514 1760 sub
525 1709 655 1780 tempore
668 1701 789 1781 plures?

155 1793 184 1844 at
194 1793 311 1863 saepest
325 1800 442 1844 numero
455 1783 560 1843 factum
572 1784 691 1862 fierique
703 1794 869 1860 necessest,

87 1877 143 1932 415
157 1876 188 1928 ut
198 1867 299 1948 pluere
312 1869 339 1927 in
350 1867 444 1928 multis
458 1867 623 1945 regionibus
635 1876 664 1936 et
677 1869 779 1928 cadere
791 1868 904 1947 imbris,

156 1951 271 2012 fulmina
281 1953 324 2012 sic
337 1970 392 2012 uno
405 1953 465 2011 fleri
477 1952 530 2012 sub
543 1961 672 2032 tempore
683 1950 778 2013 multa.

156 2044 303 2116 postremo
316 2052 367 2095 cur
380 2044 477 2096 sancta
488 2035 570 2094 deum
581 2035 699 2096 delubra
712 2053 835 2116 suasque

150 2120 271 2180 ‘discutit
281 2118 385 2180 infesto
397 2118 558 2197 praeclaras
573 2119 688 2180 fulmine
702 2121 788 2182 sedes

157 2213 186 2262 et
201 2203 361 2262 benefacta
372 2202 456 2262 deum
467 2201 570 2280 frangit
584 2193 733 2264 simulacra
743 2207 861 2284 suisque

87 2296 142 2349 420
158 2285 243 2346 demit
256 2287 423 2363 imaginibus
435 2285 562 2345 violento
574 2285 692 2347 volnere
703 2286 861 2347 honorem?

157 2369 268 2449 altaque
282 2388 332 2429 cur
343 2369 509 2449 plerumque
522 2372 593 2448 petit
604 2369 685 2446 loca,
697 2369 872 2449 plurimaque
886 2373 946 2430 eius
994 2432 997 2438 ,

157 2453 299 2513 montibus
313 2455 341 2512 in
353 2455 466 2514 summis
477 2455 598 2530 vestigia
610 2455 751 2514 cernimus
761 2450 856 2530 ignis?

201 2536 284 2609 Quod
298 2546 448 2615 superest,
465 2535 578 2597 facilest
589 2555 627 2598 ex
637 2536 681 2597 bis
693 2554 874 2614 cognoscere
885 2536 988 2616 rebus,

158 2631 303 2698 presteras
316 2619 380 2681 Grai
392 2615 465 2697 quo's
479 2621 514 2680 ab
528 2638 560 2680 re
570 2622 784 2699 nominitarunt,

91 2713 144 2764 425
156 2706 184 2762 in
197 2722 273 2764 mare
288 2722 343 2782 qua
354 2705 431 2764 missi
444 2705 557 2764 veniant
569 2706 677 2767 ratione
687 2722 821 2784 snpeme.

157 2805 220 2846 nam
231 2789 261 2846 iit
272 2796 303 2847 ut
314 2787 453 2848 interdum
464 2796 603 2867 tamquam
614 2789 737 2852 demissa
749 2790 876 2849 columna

157 2873 274 2931 inmane
285 2871 321 2930 de
334 2870 415 2931 caelo
427 2871 598 2951 descendat,
614 2892 696 2953 qnam
707 2875 779 2934 freta
791 2876 898 2933 circum

157 2954 323 3015 fervescunt
334 2957 459 3032 graviter
470 2957 641 3034 spirantibus
651 2959 736 3016 incita
746 2956 857 3032 flabris,

159 3047 188 3097 et
201 3056 395 3116 quaecumque
407 3040 435 3097 in
450 3056 486 3099 eo
497 3048 556 3099 tum
568 3042 622 3099 sint
635 3040 776 3118 deprensa
786 3038 905 3098 tumultu

94 3123 267 3199 sconaugia
280 3123 309 3182 in
320 3139 456 3183 summum
466 3123 578 3182 veniunt
589 3132 690 3184 vexata
700 3121 847 3200 periclum.

158 3204 215 3267 hoc
226 3206 257 3265 iit
266 3207 315 3266 ubi
329 3205 468 3266 interdum
479 3202 535 3265 non
547 3209 605 3283 quit
616 3208 660 3267 vis
671 3207 755 3265 incita
769 3204 847 3265 venti

157 3305 291 3366 rumpere
306 3308 388 3368 quam
403 3289 499 3366 coepit
513 3290 632 3366 nubem,
646 3289 699 3352 sed
710 3288 855 3368 deprimit,
868 3296 898 3348 ut
908 3290 944 3349 sit

158 3373 186 3431 in
199 3390 275 3433 mare
287 3373 323 3433 de
336 3371 417 3433 caelo
427 3380 565 3451 tamquam
576 3373 700 3437 demissa
710 3373 854 3449 columna,

159 3454 306 3536 paulatim,
320 3457 399 3535 quasi
412 3455 478 3533 quid
490 3474 585 3535 pugno
597 3456 772 3538 bracchique
783 3473 907 3535 superne
