2288 3886
559 199 598 259 vt

83 380 154 432 rooo
170 368 310 447 principio
323 365 411 426 iluere
424 385 440 426 e
454 365 548 446 lapide
560 366 616 427 hoc
629 366 768 445 permulta
783 376 936 431 necessest

168 452 291 527 semina,
304 451 366 510 sive
379 460 504 528 aestum,
518 452 565 528 qui
580 451 694 510 discutit
706 458 772 510 0010
785 450 895 530 plagis,

168 538 241 594 iuter
256 536 302 611 qui
315 531 436 610 lapidem
447 535 610 612 ferrumque
622 543 667 593 est
679 552 800 612 cumque
810 535 928 597 locatus.

168 620 224 678 lnoc
235 618 283 676 ubi
295 618 414 676 inanitur
425 619 544 696 spatium
556 616 718 695 multusque
729 619 833 678 vacedt

168 705 196 760 in
208 700 301 760 medio
314 700 413 776 10000,
427 700 571 778 extemplo
583 700 733 780 primordia
745 700 813 760 ferri

80 798 152 849 1005
167 789 193 844 in
206 802 323 843 vacuum
336 783 469 862 prolapsa
482 785 583 844 cadunt
596 786 761 861 coniuncta,
776 786 804 844 lit
817 795 903 864 utque

170 868 269 929 000100
281 870 345 945 ipse
357 876 492 945 sequatur
508 878 611 946 eatque
625 869 662 928 110
677 884 799 946 corpore
812 879 881 929 toto.

168 971 222 1012 nec
235 971 281 1010 res
294 950 351 1010 ulla
361 953 450 1029 magis
461 953 630 1030 primoribus
643 971 682 1011 ec
693 950 841 1012 elementis

168 1036 330 1113 indupedita
345 1037 403 1094 suis
415 1044 475 1095 arte
488 1053 597 1095 conexa
609 1034 744 1096 cohaeret

170 1137 251 1198 quam
266 1119 350 1178 validi
363 1118 430 1177 lerri
444 1129 540 1178 natura
552 1129 580 1178 et
592 1118 710 1195 frigidus
723 1119 831 1178 horror.

84 1215 152 1266 1010
170 1221 225 1282 quo
237 1204 326 1262 minus
339 1211 383 1262 est
395 1204 508 1280 mirum,
524 1202 598 1280 quod
612 1203 722 1262 ducitur
736 1203 784 1280 [ex
796 1202 977 1282 elementis}‚

169 1303 290 1365 corpora
302 1288 325 1346 si
336 1295 480 1363 nequeunt
493 1305 509 1346 e
521 1286 598 1346 ierro
608 1285 688 1364 plura
701 1296 798 1347 coorta

168 1373 195 1429 in
208 1388 327 1429 vacuum
340 1369 424 1446 ferri,
438 1372 503 1448 quin
514 1369 614 1430 anulus
626 1371 689 1449 ipse
702 1381 853 1448 sequatur;

168 1454 242 1533 quod
257 1453 339 1530 10011,
353 1462 381 1512 01
393 1455 536 1532 sequitur,
551 1454 643 1514 donec
655 1453 830 1533 pervenitad
842 1456 934 1532 ipsum

167 1541 220 1597 iam
233 1536 354 1616 lapidem
368 1540 521 1616 caecisque
533 1540 560 1597 in
572 1557 608 1599 eo
622 1539 807 1616 compagibus
819 1538 919 1599 haesit.

82 1634 152 1685 1015
169 1622 226 1682 hoc
238 1623 267 1681 111
278 1621 351 1680 idem
364 1630 480 1682 cunctas
492 1624 519 1682 in
532 1624 636 1701 partis,
650 1621 723 1682 unde
734 1623 839 1683 vacelit

169 1724 289 1782 cumque
302 1703 401 1779 locus,
415 1706 476 1764 sive
490 1724 506 1764 e
521 1715 685 1767 transverso
698 1707 759 1766 sive
771 1724 896 1785 superne

169 1806 289 1867 corpora
303 1788 434 1846 continuo
448 1789 475 1846 in
487 1805 604 1846 vacuum
616 1791 707 1847 vicina
722 1788 863 1849 feruutur:

169 1875 274 1951 quippe
287 1872 425 1947 agitantur
436 1873 509 1929 enim
520 1870 612 1948 plagis
624 1871 753 1948 aliunde,
766 1890 821 1932 nec
831 1873 893 1950 ipsa

169 1966 271 2034 sponte
287 1957 817 2033 00000100100000001000001000010
831 1973 925 2016 auras.

83 2051 153 2103 1020
169 2039 225 2100 lruc
241 2037 352 2098 accedit
366 2039 421 2116 011,
434 2056 520 2116 quare
531 2049 615 2117 queat
627 2039 654 2098 id
665 2038 754 2117 magis
770 2058 854 2117 0000,

168 2123 240 2182 1000
254 2140 368 2200 quoque
380 2141 427 2183 res
440 2121 598 2184 adiumento
611 2133 746 2203 motuque
757 2126 885 2201 iuvetur,

169 2206 260 2284 quod,
273 2205 353 2265 simul
366 2224 380 2264 0
393 2205 486 2266 iroute
498 2216 543 2267 est
555 2207 640 2268 anelli
652 2211 741 2268 rarior
751 2215 802 2268 000

168 2289 259 2350 100100
272 2291 448 2367 inanitusque
459 2289 540 2350 locus
552 2292 641 2368 magis
653 2293 851 2366 0000000100,

169 2375 301 2433 00011000
315 2374 345 2434 iit
357 2374 395 2433 uti
411 2374 457 2452 qui
473 2383 537 2451 post
548 2383 594 2434 est
604 2393 726 2454 cumque
737 2373 849 2434 locatus

81 2467 152 2521 1025
168 2463 218 2516 000
229 2475 245 2516 0
256 2467 339 2534 tergo
353 2459 431 2535 quasi
442 2457 580 2536 provehat
592 2467 677 2536 atque
689 2456 841 2537 propellat.

169 2559 284 2620 semper
296 2543 369 2600 enim
384 2543 601 2619 circumpositus
613 2561 660 2602 res
673 2543 805 2602 verberet
818 2548 882 2601 adr:

168 2624 221 2685 sed
233 2623 280 2685 tali
293 2625 322 2684 lit
334 2627 373 2684 uti
385 2624 527 2704 propellat
541 2634 670 2704 tempore
681 2625 802 2703 1000οι,

168 2717 248 2786 parte
261 2707 336 2786 quod
348 2727 385 2769 cx
396 2727 449 2769 una
460 2711 579 2788 spatium
589 2719 672 2771 vacat
684 2720 713 2770 et
726 2712 801 2789 capit
815 2711 843 2770 in
856 2730 897 2770 se.

169 2791 233 2869 hic,
246 2793 296 2851 tibi
309 2811 392 2870 quem
405 2810 548 2871 memoro,
562 2812 616 2872 per
628 2795 727 2855 crebra
739 2793 873 2855 foramina
884 2794 956 2855 ferri

64 2884 154 2941 ,1030
169 2893 269 2954 parvas
284 2874 318 2935 ad
330 2877 417 2952 partis
428 2877 570 2937 subtiliter
582 2879 754 2954 insinuatus,

168 2958 252 3019 trudit
265 2967 293 3018 et
305 2956 431 3037 inpellit,
447 2962 526 3039 quasi
540 2978 638 3021 navem
651 2961 771 3039 velaque
782 2971 893 3021 ventus.

169 3041 291 3120 denique
306 3060 354 3102 res
366 3058 464 3104 onmes
477 3043 581 3105 debent
592 3046 620 3103 in
633 3062 754 3123 corpore
766 3044 873 3104 habere

167 3134 252 3203 0000,
266 3124 491 3205 quandoquidem
501 3145 564 3187 raro
576 3137 639 3187 suot
653 3144 774 3207 corpore
786 3136 815 3188 et
826 3134 877 3186 atr

169 3211 297 3270 omnibus
310 3218 354 3270 est
365 3210 452 3270 rebus
464 3210 651 3272 circumdatus
664 3211 878 3290 adpositusque.

92 3301 153 3357 ,035
169 3292 215 3354 hic
229 3294 331 3371 igitur,
344 3296 456 3372 penitus
469 3297 516 3373 qui
529 3296 556 3353 in
568 3295 673 3356 ferrost
684 3295 794 3355 abditus
809 3302 875 3374 atr,

170 3375 294 3438 sollicito
305 3387 380 3438 motu
393 3397 507 3457 semper
518 3381 635 3439 iactatur
647 3397 740 3459 eoque

170 3461 303 3521 verberat
314 3461 434 3522 anellum
448 3462 531 3522 dubio
543 3462 644 3540 procul
657 3473 686 3523 et
698 3465 755 3523 ciet
766 3464 861 3538 intus,
