2288 3886
527 166 567 226 lll

135 336 223 413 alter,
237 343 267 395 et
282 333 412 395 illalorie
425 351 579 412 quaerere
591 334 817 412 transpiciuntur.

135 419 237 481 sicubi
256 438 289 480 se
301 419 421 498 primunr
431 415 543 496 speculi
555 419 677 496 proiecit
690 418 801 496 imago,

136 502 201 563 dum
213 503 292 564 veuit
303 502 338 562 ad
350 511 464 562 nostras
475 502 571 578 acies,
584 501 723 581 protrudit
738 504 855 580 agitque

65 599 123 652 280
135 594 201 648 adra
213 588 262 665 qui
272 588 347 645 inter
358 604 390 646 se
406 593 554 662 cumquest
568 584 727 664 oculosque
740 584 869 662 locatus,

135 671 243 733 etfacit
255 679 285 730 ut
297 671 376 749 prius
388 668 463 728 hunc
476 685 586 728 omnem
598 671 703 729 sentire
716 686 850 747 queamus

135 773 216 834 quarn
228 752 393 833 speculum:
407 751 670 831 sedubispeculunr
678 771 791 831 quoque
799 753 1048 834 sensimusipsum‚

135 841 268 899 continuo
281 838 390 898 auobis
402 839 503 896 iterum
514 854 586 914 quae
597 836 686 897 fertur
701 838 793 913 imago

135 923 284 1001 pervenit,
300 930 329 981 et
339 930 454 981 nostros
465 918 566 981 oculos
578 922 686 980 reiecta
700 922 815 996 revisit,

66 1015 122 1069 085
137 1016 221 1085 atque
233 1005 318 1065 alium
332 1022 401 1083 prae
413 1023 446 1064 se
460 1003 628 1083 propellens
640 1010 706 1063 aera
718 1002 824 1081 volvit,

135 1099 164 1150 et
175 1091 243 1150 lucit
254 1099 285 1149 ut
295 1090 374 1167 prius
386 1088 461 1148 hunc
473 1105 598 1166 quantae
610 1088 772 1163 videamus,
785 1104 879 1166 eoque

134 1173 239 1234 distare
253 1174 289 1233 ab
304 1170 426 1251 speculo
438 1181 541 1232 tautum
551 1180 659 1232 semota
670 1171 790 1231 videtur.

136 1276 222 1336 quare
233 1258 317 1317 etiarn
329 1264 414 1334 atque
429 1257 513 1316 etiam
523 1256 635 1316 minime
646 1257 772 1316 mirarier
785 1264 830 1315 est
841 1273 907 1334 par,
923 1305 930 1311 ,

134 1342 248 1401 aeribus
259 1340 333 1400 binis
348 1341 478 1418 quoniam
489 1357 537 1401 res
549 1340 635 1400 conlit
646 1349 773 1418 utraque.

66 1432 122 1486 290
133 1443 208 1485 nunc
220 1441 255 1485 ea
266 1440 339 1502 quae
350 1424 433 1484 nobis
445 1423 631 1484 membrorum
641 1424 757 1484 dextera
768 1442 833 1503 pars
846 1434 906 1503 est,

133 1511 163 1569 in
173 1505 302 1588 speculis
312 1507 342 1568 lit
353 1515 383 1566 ut
394 1508 422 1567 in
434 1506 515 1567 laeva
525 1508 653 1569 videatur
665 1526 700 1569 eo
715 1508 791 1588 quod

134 1591 279 1672 planitiem
289 1591 324 1650 ad
335 1590 447 1671 speculi
457 1593 575 1652 veniens
589 1611 651 1652 oum
664 1593 780 1653 ollendit
791 1595 900 1671 imago,

134 1694 190 1736 non
205 1676 380 1736 convertitur
391 1675 557 1752 incolumis,
571 1676 622 1737 sed
633 1685 713 1736 recta
727 1686 882 1738 retrorsum

135 1762 178 1822 sic
189 1757 319 1836 eliditur,
332 1766 362 1818 ut
372 1759 479 1837 siquis,
495 1761 572 1837 prius
584 1759 660 1818 arida
672 1763 800 1838 quamsit

66 1849 120 1904 295
137 1852 234 1905 cretea
247 1859 387 1922 persona,
403 1841 506 1902 adlidat
518 1843 629 1920 pilaeve
640 1842 765 1919 trabirc,

134 1937 220 2006 atque
233 1945 267 1986 ea
279 1929 413 1987 continuo
427 1934 534 1986 rectam
546 1927 570 1986 si
582 1925 675 1986 fronte
687 1927 803 2003 ligrrrarn

134 2019 233 2072 servet
245 2019 274 2070 et
288 2009 386 2070 elisam
397 2019 474 2070 retro
489 2029 556 2071 sese
569 2012 705 2089 exprimat
715 2013 786 2090 ipsa.

136 2096 184 2154 liet
194 2096 249 2172 ita,
264 2104 329 2153 ante
340 2094 441 2154 oculus
452 2093 537 2155 fuerit
550 2097 597 2173 qui
610 2093 726 2174 dexter,
738 2105 767 2155 ut
779 2095 854 2155 idem

137 2196 212 2239 nunc
224 2180 261 2238 sit
272 2175 388 2254 laevus,
401 2187 430 2238 et
446 2197 462 2238 e
474 2178 556 2239 laevo
570 2181 607 2240 sit
618 2190 711 2240 mutua
723 2179 832 2240 dexter.

67 2269 123 2323 300
138 2262 168 2323 lit
180 2279 294 2342 quoque
306 2260 343 2321 de
357 2261 478 2340 speculo
489 2264 517 2321 in
528 2263 676 2341 speculum
687 2273 717 2322 ut
728 2263 851 2323 tradatur
864 2265 974 2342 image,

135 2348 260 2425 quinque
273 2345 357 2405 etiarn
368 2352 422 2406 out
433 2364 486 2406 sex
499 2355 529 2404 ut
543 2347 603 2405 lieri
615 2344 763 2407 simulacra
774 2349 891 2408 suerint.

134 2447 197 2490 nam
208 2446 404 2508 quaecumque
415 2439 493 2490 retro
507 2439 587 2509 parte
600 2431 734 2489 interiore
746 2429 889 2507 latebunt,

135 2513 200 2574 inde
211 2522 321 2588 tamen,
335 2515 461 2591 quamvis
473 2522 548 2574 torte
559 2514 729 2592 penitusque
741 2522 866 2590 remota,

136 2597 227 2657 omnia
238 2614 292 2675 per
303 2595 394 2658 flexos
406 2596 496 2658 aditus
506 2598 609 2658 educta
619 2597 719 2658 licebit

64 2689 119 2744 305
134 2679 264 2760 pluribus
276 2679 348 2740 haec
362 2681 490 2760 speculis
502 2683 650 2743 videantur
661 2683 688 2742 in
700 2682 817 2744 aedibus
830 2701 906 2743 esse.

135 2782 226 2843 usque
238 2761 310 2823 adeo
322 2764 443 2844 speculo
455 2767 483 2825 in
494 2765 643 2844 speculum
655 2767 811 2829 translucet
822 2769 933 2845 imago,

136 2857 165 2908 et
178 2865 242 2908 curo
254 2846 336 2907 laeva
347 2848 410 2908 data
421 2858 483 2926 est,
496 2849 525 2909 lit
536 2869 632 2910 rusum
643 2860 673 2910 ut
688 2851 805 2912 dextera
817 2853 879 2930 liat,

135 2931 200 2992 inde
212 2941 290 2992 retro
300 2949 411 2992 rursum
422 2931 495 2992 redit
507 2943 536 2994 et
549 2937 723 2994 convertitur
737 2935 847 2996 eodem.

136 3017 202 3095 quin
213 3017 297 3076 etiam
307 3034 503 3096 quaecumque
514 3016 653 3078 latuscula
664 3028 729 3079 sunt
740 3017 924 3097 speculorum

65 3106 121 3161 310
135 3098 254 3161 adsimili
264 3098 361 3160 lateris
372 3099 479 3160 flexura
495 3101 622 3180 praedita
633 3103 722 3161 nostri
730 3147 739 3179 ,

136 3182 253 3244 dextera
265 3195 419 3264 eapropter
429 3185 511 3245 nobis
524 3184 672 3245 simulacra
682 3188 842 3260 remittunt,

135 3276 181 3327 aut
194 3267 305 3347 quiade
317 3266 439 3346 speculo
451 3270 479 3328 in
493 3268 641 3346 speculum
653 3269 819 3329 transfertur
834 3270 943 3348 imago,

135 3351 200 3412 inde
211 3350 247 3411 ad
257 3369 310 3411 nos
323 3348 393 3411 elisa
405 3352 448 3412 bis
460 3351 589 3430 advolat,
602 3362 648 3412 aut
660 3354 744 3412 etiam
754 3351 831 3431 quod

137 3437 243 3496 circum
254 3437 361 3513 agitur,
375 3453 439 3494 cum
450 3439 544 3516 venit,
557 3438 649 3514 imago
661 3444 815 3515 propterea
825 3438 902 3516 quod

842 3520 860 3580 7
869 3518 884 3552 *
