2288 3886
539 163 566 226 ll

127 346 172 390 ex
182 327 300 389 ineunte
312 344 386 388 aevo
397 325 476 387 nullo
492 330 642 390 coniuncta
656 329 764 390 colore.

127 414 224 473 omnis
237 412 312 472 enim
323 409 406 473 color
419 412 532 472 omnino
544 421 665 475 mutatur
674 415 702 474 in
718 415 823 483 omnis3

56 506 111 561 ²50
128 495 211 577 quod
222 495 320 557 lacere
333 494 408 556 baud
421 495 480 556 ullo
493 495 599 557 debent
613 499 763 577 primordia
774 508 868 579 pacto.

124 579 304 643 immutabile
316 581 390 640 enim
403 579 533 660 quiddam
545 599 683 661 superare
694 590 863 662 necessest,

124 684 228 728 neres
241 664 276 725 ad
287 663 374 724 nilum
383 665 548 743 redigantur
558 666 682 727 irmditus
697 684 811 728 omnes:

125 769 193 812 uam
208 748 409 830 quodcumque
420 751 480 811 suis
495 760 629 812 mutatum
644 751 745 812 linibus
758 753 833 832 exit,

127 836 265 897 continuo
277 832 334 894 boc
345 852 422 895 mors
437 845 482 896 est
494 832 570 896 illius
586 834 663 915 qnod
673 835 726 897 fuit
737 845 810 897 ante.

58 929 112 984 755
127 919 252 1000 proinde
266 917 364 979 colore
380 937 451 980 cave
466 921 614 998 contingas
626 923 734 982 semina
743 939 855 1000 rerum,

125 1025 165 1065 ne
177 1005 230 1064 tibi
240 1021 289 1065 res
303 1003 421 1064 redeant
431 1002 466 1064 ad
477 1005 564 1063 nilum
577 1004 702 1066 funditus
713 1022 821 1066 omnes.

169 1088 324 1149 Praeterea
335 1089 360 1148 si
370 1087 447 1148 nulla
461 1087 567 1150 coloris
579 1091 727 1169 principiis
740 1098 786 1151 est

124 1172 239 1234 reddita
251 1180 350 1232 natura
360 1181 389 1232 et
399 1174 484 1232 variis
496 1183 561 1234 sunt
571 1173 698 1255 praedita
711 1175 827 1251 formis,

126 1277 145 1318 e
158 1258 261 1337 quibus
273 1274 356 1317 omne
368 1276 460 1335 genus
475 1259 595 1337 gignunt
604 1261 769 1339 variantque
782 1257 898 1320 colores

57 1351 113 1409 760
128 1351 304 1423 propterea,
316 1343 410 1419 magni
422 1342 498 1422 quod
509 1342 600 1406 relert
611 1345 719 1406 semina
731 1361 862 1424 quaeque

128 1446 193 1488 cum
206 1428 309 1506 quibus
321 1434 350 1486 et
365 1426 439 1506 quali
453 1429 580 1507 positura
594 1430 790 1491 contineantur

125 1521 156 1575 et
168 1529 242 1592 quos
254 1512 329 1572 inter
339 1530 373 1571 se
385 1510 452 1572 dent
465 1522 557 1574 motus
570 1515 787 1594 accipiantque,

123 1596 265 1680 perfacile
279 1595 424 1676 extemplo
438 1599 575 1685 rationem
586 1597 708 1660 reddere
720 1601 834 1679 possis,

126 1700 179 1744 cur
190 1699 224 1742 ea
237 1700 309 1760 quae
322 1682 404 1758 nigro
415 1680 520 1742 luerint
532 1681 618 1761 paulo
629 1692 693 1744 ante
707 1682 825 1761 colore,

62 1775 112 1833 765
123 1782 284 1828 marmoreo
299 1766 360 1826 beri
372 1768 483 1845 possint
496 1766 619 1828 candore
632 1777 768 1846 repente;

125 1862 265 1927 otmaro,
281 1868 345 1910 cum
354 1852 449 1929 magni
462 1860 638 1911 commomnt
652 1869 777 1929 aequora
788 1852 884 1927 venti,

124 1937 247 1998 vertitur
258 1936 287 1994 in
299 1952 385 1996 canos
400 1934 531 1996 candenti
542 1952 681 1995 marmore
696 1934 814 1995 fluctus:

124 2022 223 2082 dicere
236 2020 311 2079 enim
324 2021 440 2099 possis,
452 2021 563 2098 nigrum
574 2017 650 2099 quod
663 2037 752 2099 saepe
765 2018 912 2098 videmus,

124 2106 259 2166 materies
272 2105 319 2165 ubi
331 2105 471 2183 permixta
484 2115 528 2165 est
540 2103 615 2166 illins
628 2114 657 2166 et
670 2104 740 2167 ordo

62 2196 113 2254 ilo
124 2191 272 2271 principiis
284 2198 405 2256 mutatus
419 2199 448 2250 et
460 2189 553 2250 addita
564 2189 735 2272 demptaque
747 2189 901 2270 quaedam,

125 2275 259 2336 continuo
272 2272 300 2333 id
317 2274 378 2333 lieri
391 2285 421 2334 ut
434 2273 557 2335 candens
572 2275 701 2336 rideatur
713 2285 741 2335 et
753 2274 855 2335 album.

125 2359 201 2439 quod
217 2361 242 2419 si
254 2357 395 2419 caeruleis
408 2367 571 2418 constarent
583 2376 708 2438 aequora
719 2361 799 2436 ponti

124 2445 296 2521 seminibus,
312 2441 391 2502 nullo
405 2450 525 2521 possent
536 2440 687 2502 albescere
699 2451 801 2520 pacto:

123 2547 187 2589 nam
199 2545 380 2609 quocumque
390 2526 476 2588 modo
491 2527 643 2606 perturbes
659 2525 772 2587 caerula
787 2543 860 2605 quae
876 2527 949 2604 sint,

68 2615 111 2674 lli
122 2631 271 2692 numquam
281 2613 310 2672 in
320 2630 505 2672 marmoreum
516 2620 637 2693 possunt
648 2613 769 2689 migrare
782 2609 917 2671 colorem.

124 2700 167 2760 sin
178 2697 235 2758 alio
247 2696 331 2777 atque
343 2697 399 2758 alio
415 2706 479 2757 sunt
492 2697 600 2757 semina
611 2697 699 2758 tincta
713 2694 830 2774 colore,

10 2806 18 2857 ¹„
125 2801 196 2864 quae
209 2784 294 2843 maris
305 2782 432 2842 efficiunt
444 2799 530 2840 unum
541 2800 698 2861 purumque
709 2784 847 2861 nitorem,

10 2856 14 2951 l
124 2876 153 2928 ut
164 2885 255 2946 saepe
269 2885 306 2926 ex
317 2865 379 2926 aliis
391 2865 489 2926 formis
504 2868 647 2945 variisque
659 2867 757 2943 liguris

10 2966 13 3001 1
125 2951 248 3013 eflicitur
259 2950 390 3030 quiddam
402 2950 566 3030 quadratum
578 2967 689 3028 unaque
703 2950 809 3029 figura,

10 3014 13 3107 l
70 3034 113 3098 780
127 3037 334 3114 conveniebat,
347 3043 376 3094 nt
387 3036 416 3094 in
429 3034 564 3114 quadrato
581 3037 721 3095 cernimus
737 3055 804 3095 esse

10 3132 12 3137 '
124 3120 275 3183 dissimiles
290 3120 412 3198 formas,
429 3122 467 3180 ita
481 3137 600 3180 cernere
611 3121 639 3177 in
650 3136 776 3199 aequore
790 3117 869 3198 ponti

123 3205 237 3267 autulio
249 3207 278 3266 in
293 3206 393 3285 quovis
404 3223 460 3265 uno
473 3222 603 3285 puroque
614 3203 706 3264 nitore

123 3289 276 3354 dissimiles
287 3290 375 3368 longe
389 3292 463 3349 inter
478 3309 510 3350 se
522 3289 674 3366 variosque
691 3288 813 3350 colores.

122 3384 274 3456 praeterea
284 3374 324 3435 nil
336 3374 463 3436 officiunt
476 3374 647 3452 obstantque
660 3373 767 3452 figurae

61 3451 111 3522 ²05
122 3459 292 3542 dissimiles,
306 3477 363 3541 quo
378 3457 543 3540 quadratum
551 3459 642 3520 minus
655 3475 737 3518 omne
750 3457 786 3518 sit
798 3464 894 3574 entrp:

833 3545 853 3602 fr
