<?xml version="1.0" encoding="UTF-8"?>
<!DOCTYPE html PUBLIC "-//W3C//DTD XHTML 1.0 Transitional//EN"
    "http://www.w3.org/TR/xhtml1/DTD/xhtml1-transitional.dtd">
<html xmlns="http://www.w3.org/1999/xhtml" xml:lang="en" lang="en">
 <head>
  <title>
</title>
<meta http-equiv="Content-Type" content="text/html;charset=utf-8" />
  <meta name='ocr-system' content='tesseract 3.04.00' />
  <meta name='ocr-capabilities' content='ocr_page ocr_carea ocr_par ocr_line ocrx_word'/>
</head>
<body>
  <div class='ocr_page' id='page_1' title='image "./tlucreticarider07carugoog_0171.png"; bbox 0 0 2288 3886; ppageno 0'>
   <div class='ocr_carea' id='block_1_1' title="bbox 565 171 1074 240">
    <p class='ocr_par' dir='ltr' id='par_1_1' title="bbox 565 171 1074 240">
     <span class='ocr_line' id='line_1_1' title="bbox 565 171 1074 240; baseline 0.018 -10"><span class='ocrx_word' id='word_1_1' title='bbox 565 171 592 230; x_wconf 87' lang='lat' dir='ltr'>V</span> <span class='ocrx_word' id='word_1_2' title='bbox 1016 175 1074 240; x_wconf 81' lang='lat'><strong>1⁵1</strong></span> 
     </span>
    </p>
   </div>
   <div class='ocr_carea' id='block_1_2' title="bbox 78 338 985 3515">
    <p class='ocr_par' dir='ltr' id='par_1_2' title="bbox 78 338 985 753">
     <span class='ocr_line' id='line_1_2' title="bbox 78 338 985 420; baseline -0.001 -16"><span class='ocrx_word' id='word_1_3' title='bbox 78 349 142 404; x_wconf 77' lang='lat'><strong>955</strong></span> <span class='ocrx_word' id='word_1_4' title='bbox 156 357 218 399; x_wconf 89' lang='lat' dir='ltr'><strong>nec</strong></span> <span class='ocrx_word' id='word_1_5' title='bbox 231 355 378 398; x_wconf 87' lang='lat' dir='ltr'><strong>commuue</strong></span> <span class='ocrx_word' id='word_1_6' title='bbox 389 338 494 398; x_wconf 94' lang='lat' dir='ltr'><strong>bonum</strong></span> <span class='ocrx_word' id='word_1_7' title='bbox 504 348 636 417; x_wconf 90' lang='lat' dir='ltr'><strong>poterant</strong></span> <span class='ocrx_word' id='word_1_8' title='bbox 647 352 798 418; x_wconf 87' lang='lat' dir='ltr'><strong>spectare,</strong></span> <span class='ocrx_word' id='word_1_9' title='bbox 812 361 906 420; x_wconf 86' lang='lat' dir='ltr'><strong>neque</strong></span> <span class='ocrx_word' id='word_1_10' title='bbox 920 341 985 404; x_wconf 77' lang='lat' dir='ltr'><strong>ullIs</strong></span> 
     </span>
     <span class='ocr_line' id='line_1_3' title="bbox 158 422 793 500; baseline 0.002 -18"><span class='ocrx_word' id='word_1_11' title='bbox 158 422 288 482; x_wconf 90' lang='lat' dir='ltr'><strong>moribus</strong></span> <span class='ocrx_word' id='word_1_12' title='bbox 298 422 372 481; x_wconf 90' lang='lat' dir='ltr'><strong>inter</strong></span> <span class='ocrx_word' id='word_1_13' title='bbox 385 440 418 482; x_wconf 88' lang='lat' dir='ltr'><strong>se</strong></span> <span class='ocrx_word' id='word_1_14' title='bbox 430 422 541 482; x_wconf 80' lang='lat' dir='ltr'><strong>scibant</strong></span> <span class='ocrx_word' id='word_1_15' title='bbox 550 441 605 482; x_wconf 93' lang='lat' dir='ltr'><strong>nec</strong></span> <span class='ocrx_word' id='word_1_16' title='bbox 617 423 730 500; x_wconf 88' lang='lat' dir='ltr'><strong>legibus</strong></span> <span class='ocrx_word' id='word_1_17' title='bbox 744 427 793 484; x_wconf 90' lang='lat' dir='ltr'><strong>uti.</strong></span> 
     </span>
     <span class='ocr_line' id='line_1_4' title="bbox 162 505 915 586; baseline 0.004 -20"><span class='ocrx_word' id='word_1_18' title='bbox 162 505 242 585; x_wconf 94' lang='lat' dir='ltr'><strong>quod</strong></span> <span class='ocrx_word' id='word_1_19' title='bbox 254 507 357 584; x_wconf 91' lang='lat' dir='ltr'><strong>cuique</strong></span> <span class='ocrx_word' id='word_1_20' title='bbox 370 505 512 565; x_wconf 91' lang='lat' dir='ltr'><strong>obtulerat</strong></span> <span class='ocrx_word' id='word_1_21' title='bbox 525 505 649 585; x_wconf 76' lang='lat' dir='ltr'><strong>praedae</strong></span> <span class='ocrx_word' id='word_1_22' title='bbox 661 507 789 586; x_wconf 88' lang='lat' dir='ltr'><strong>iortuna,</strong></span> <span class='ocrx_word' id='word_1_23' title='bbox 801 507 915 570; x_wconf 87' lang='lat' dir='ltr'><strong>ferebat</strong></span> 
     </span>
     <span class='ocr_line' id='line_1_5' title="bbox 162 588 919 669; baseline -0.001 -18"><span class='ocrx_word' id='word_1_24' title='bbox 162 594 268 669; x_wconf 86' lang='lat' dir='ltr'><strong>sponte</strong></span> <span class='ocrx_word' id='word_1_25' title='bbox 280 606 331 650; x_wconf 87' lang='lat' dir='ltr'><strong>sua</strong></span> <span class='ocrx_word' id='word_1_26' title='bbox 342 588 397 648; x_wconf 84' lang='lat' dir='ltr'>sibi</span> <span class='ocrx_word' id='word_1_27' title='bbox 412 590 533 667; x_wconf 89' lang='lat' dir='ltr'><strong>quisque</strong></span> <span class='ocrx_word' id='word_1_28' title='bbox 545 589 643 649; x_wconf 85' lang='lat' dir='ltr'><strong>valere</strong></span> <span class='ocrx_word' id='word_1_29' title='bbox 656 599 686 650; x_wconf 91' lang='lat' dir='ltr'><strong>et</strong></span> <span class='ocrx_word' id='word_1_30' title='bbox 696 593 795 651; x_wconf 87' lang='lat' dir='ltr'><strong>vivere</strong></span> <span class='ocrx_word' id='word_1_31' title='bbox 808 590 919 653; x_wconf 85' lang='lat' dir='ltr'><strong>doctus.</strong></span> 
     </span>
     <span class='ocr_line' id='line_1_6' title="bbox 163 671 890 753; baseline 0.003 -19"><span class='ocrx_word' id='word_1_32' title='bbox 163 682 194 734; x_wconf 91' lang='lat' dir='ltr'><strong>et</strong></span> <span class='ocrx_word' id='word_1_33' title='bbox 208 671 305 733; x_wconf 89' lang='lat' dir='ltr'><strong>Venus</strong></span> <span class='ocrx_word' id='word_1_34' title='bbox 316 674 345 731; x_wconf 90' lang='lat' dir='ltr'><strong>in</strong></span> <span class='ocrx_word' id='word_1_35' title='bbox 358 671 438 732; x_wconf 89' lang='lat' dir='ltr'><strong>silvis</strong></span> <span class='ocrx_word' id='word_1_36' title='bbox 451 672 586 750; x_wconf 85' lang='lat' dir='ltr'><strong>iungebat</strong></span> <span class='ocrx_word' id='word_1_37' title='bbox 601 691 724 753; x_wconf 90' lang='lat' dir='ltr'><strong>corpora</strong></span> <span class='ocrx_word' id='word_1_38' title='bbox 737 685 890 737; x_wconf 80' lang='lat' dir='ltr'><strong>amantum:</strong></span> 
     </span>
    </p>

    <p class='ocr_par' dir='ltr' id='par_1_3' title="bbox 87 754 927 1168">
     <span class='ocr_line' id='line_1_7' title="bbox 87 754 853 836; baseline 0.003 -20"><span class='ocrx_word' id='word_1_39' title='bbox 87 767 152 822; x_wconf 87' lang='lat'><strong>960</strong></span> <span class='ocrx_word' id='word_1_40' title='bbox 163 755 332 817; x_wconf 77' lang='lat' dir='ltr'><strong>conciliabat</strong></span> <span class='ocrx_word' id='word_1_41' title='bbox 344 756 418 814; x_wconf 92' lang='lat' dir='ltr'><strong>euim</strong></span> <span class='ocrx_word' id='word_1_42' title='bbox 427 754 477 815; x_wconf 89' lang='lat' dir='ltr'><strong>vel</strong></span> <span class='ocrx_word' id='word_1_43' title='bbox 487 765 582 817; x_wconf 90' lang='lat' dir='ltr'><strong>mutua</strong></span> <span class='ocrx_word' id='word_1_44' title='bbox 596 774 736 836; x_wconf 89' lang='lat' dir='ltr'><strong>quamque</strong></span> <span class='ocrx_word' id='word_1_45' title='bbox 749 758 853 836; x_wconf 90' lang='lat' dir='ltr'><strong>cupido</strong></span> 
     </span>
     <span class='ocr_line' id='line_1_8' title="bbox 164 838 797 919; baseline 0.003 -20"><span class='ocrx_word' id='word_1_46' title='bbox 164 838 214 900; x_wconf 87' lang='lat' dir='ltr'><strong>vel</strong></span> <span class='ocrx_word' id='word_1_47' title='bbox 223 838 350 899; x_wconf 90' lang='lat' dir='ltr'><strong>violenta</strong></span> <span class='ocrx_word' id='word_1_48' title='bbox 362 840 416 898; x_wconf 88' lang='lat' dir='ltr'><strong>viri</strong></span> <span class='ocrx_word' id='word_1_49' title='bbox 426 840 470 898; x_wconf 90' lang='lat' dir='ltr'><strong>vis</strong></span> <span class='ocrx_word' id='word_1_50' title='bbox 482 849 568 917; x_wconf 91' lang='lat' dir='ltr'><strong>atque</strong></span> <span class='ocrx_word' id='word_1_51' title='bbox 579 842 700 919; x_wconf 89' lang='lat' dir='ltr'><strong>inpensa</strong></span> <span class='ocrx_word' id='word_1_52' title='bbox 710 840 797 901; x_wconf 91' lang='lat' dir='ltr'><strong>libido</strong></span> 
     </span>
     <span class='ocr_line' id='line_1_9' title="bbox 163 921 927 1003; baseline 0.007 -22"><span class='ocrx_word' id='word_1_53' title='bbox 163 921 214 982; x_wconf 91' lang='lat' dir='ltr'><strong>vel</strong></span> <span class='ocrx_word' id='word_1_54' title='bbox 228 925 367 1002; x_wconf 91' lang='lat' dir='ltr'><strong>pretium,</strong></span> <span class='ocrx_word' id='word_1_55' title='bbox 380 921 500 999; x_wconf 78' lang='lat' dir='ltr'><strong>glandes</strong></span> <span class='ocrx_word' id='word_1_56' title='bbox 512 933 597 1001; x_wconf 91' lang='lat' dir='ltr'><strong>atque</strong></span> <span class='ocrx_word' id='word_1_57' title='bbox 609 925 698 984; x_wconf 90' lang='lat' dir='ltr'><strong>arbita</strong></span> <span class='ocrx_word' id='word_1_58' title='bbox 707 922 755 984; x_wconf 89' lang='lat' dir='ltr'><strong>vel</strong></span> <span class='ocrx_word' id='word_1_59' title='bbox 770 927 832 1003; x_wconf 91' lang='lat' dir='ltr'><strong>pira</strong></span> <span class='ocrx_word' id='word_1_60' title='bbox 842 924 927 986; x_wconf 84' lang='lat' dir='ltr'><strong>lecta.</strong></span> 
     </span>
     <span class='ocr_line' id='line_1_10' title="bbox 164 1005 777 1087; baseline 0.002 -21"><span class='ocrx_word' id='word_1_61' title='bbox 164 1016 195 1066; x_wconf 91' lang='lat' dir='ltr'><strong>et</strong></span> <span class='ocrx_word' id='word_1_62' title='bbox 205 1023 334 1067; x_wconf 92' lang='lat' dir='ltr'><strong>manuum</strong></span> <span class='ocrx_word' id='word_1_63' title='bbox 344 1007 413 1065; x_wconf 88' lang='lat' dir='ltr'><strong>mira</strong></span> <span class='ocrx_word' id='word_1_64' title='bbox 423 1005 489 1066; x_wconf 88' lang='lat' dir='ltr'><strong>freti</strong></span> <span class='ocrx_word' id='word_1_65' title='bbox 500 1009 604 1067; x_wconf 88' lang='lat' dir='ltr'><strong>virtute</strong></span> <span class='ocrx_word' id='word_1_66' title='bbox 616 1008 777 1087; x_wconf 90' lang='lat' dir='ltr'><strong>pedumque</strong></span> 
     </span>
     <span class='ocr_line' id='line_1_11' title="bbox 165 1089 811 1168; baseline 0.002 -18"><span class='ocrx_word' id='word_1_67' title='bbox 165 1089 402 1150; x_wconf 86' lang='lat' dir='ltr'><strong>consectabantur</strong></span> <span class='ocrx_word' id='word_1_68' title='bbox 413 1089 555 1150; x_wconf 83' lang='lat' dir='ltr'><strong>silvestria</strong></span> <span class='ocrx_word' id='word_1_69' title='bbox 566 1091 662 1150; x_wconf 88' lang='lat' dir='ltr'><strong>saecla</strong></span> <span class='ocrx_word' id='word_1_70' title='bbox 674 1091 811 1168; x_wconf 87' lang='lat' dir='ltr'><strong>ferarum,</strong></span> 
     </span>
    </p>

    <p class='ocr_par' dir='ltr' id='par_1_4' title="bbox 90 1172 874 1420">
     <span class='ocr_line' id='line_1_12' title="bbox 90 1172 874 1253; baseline -0.001 -17"><span class='ocrx_word' id='word_1_71' title='bbox 90 1183 153 1238; x_wconf 74' lang='lat'><strong>965</strong></span> <span class='ocrx_word' id='word_1_72' title='bbox 164 1172 309 1252; x_wconf 90' lang='lat' dir='ltr'><strong>multaque</strong></span> <span class='ocrx_word' id='word_1_73' title='bbox 322 1173 491 1251; x_wconf 79' lang='lat' dir='ltr'><strong>vincebant,</strong></span> <span class='ocrx_word' id='word_1_74' title='bbox 503 1174 625 1235; x_wconf 87' lang='lat' dir='ltr'><strong>vitabant</strong></span> <span class='ocrx_word' id='word_1_75' title='bbox 638 1193 728 1253; x_wconf 89' lang='lat' dir='ltr'><strong>pauca</strong></span> <span class='ocrx_word' id='word_1_76' title='bbox 738 1174 874 1253; x_wconf 90' lang='lat' dir='ltr'><strong>latebris,</strong></span> 
     </span>
     <span class='ocr_line' id='line_1_13' title="bbox 165 1257 571 1335; baseline 0.005 -19"><span class='ocrx_word' id='word_1_77' title='bbox 165 1259 374 1335; x_wconf 81' lang='lat' dir='ltr'><strong>saetigerisque</strong></span> <span class='ocrx_word' id='word_1_78' title='bbox 386 1273 471 1335; x_wconf 90' lang='lat' dir='ltr'><strong>pares</strong></span> <span class='ocrx_word' id='word_1_79' title='bbox 484 1257 571 1318; x_wconf 89' lang='lat' dir='ltr'><strong>subus</strong></span> 
     </span>
     <span class='ocr_line' id='line_1_14' title="bbox 164 1339 830 1420; baseline 0.003 -22"><span class='ocrx_word' id='word_1_80' title='bbox 164 1339 320 1402; x_wconf 88' lang='lat' dir='ltr'><strong>missilibus</strong></span> <span class='ocrx_word' id='word_1_81' title='bbox 333 1341 409 1400; x_wconf 87' lang='lat' dir='ltr'><strong>saxis</strong></span> <span class='ocrx_word' id='word_1_82' title='bbox 421 1349 451 1400; x_wconf 91' lang='lat' dir='ltr'><strong>et</strong></span> <span class='ocrx_word' id='word_1_83' title='bbox 464 1359 565 1418; x_wconf 83' lang='lat' dir='ltr'><strong>magno</strong></span> <span class='ocrx_word' id='word_1_84' title='bbox 581 1341 709 1420; x_wconf 91' lang='lat' dir='ltr'><strong>pondere</strong></span> <span class='ocrx_word' id='word_1_85' title='bbox 724 1341 830 1403; x_wconf 87' lang='lat' dir='ltr'><strong>clavae.</strong></span> 
     </span>
    </p>

    <p class='ocr_par' dir='ltr' id='par_1_5' title="bbox 165 1426 874 1589">
     <span class='ocr_line' id='line_1_15' title="bbox 570 1426 849 1486; baseline 0.004 -1"><span class='ocrx_word' id='word_1_86' title='bbox 570 1426 713 1485; x_wconf 87' lang='lat' dir='ltr'><strong>silvestria</strong></span> <span class='ocrx_word' id='word_1_87' title='bbox 724 1426 849 1486; x_wconf 89' lang='lat' dir='ltr'><strong>membra</strong></span> 
     </span>
     <span class='ocr_line' id='line_1_16' title="bbox 165 1506 874 1589; baseline 0.003 -23"><span class='ocrx_word' id='word_1_88' title='bbox 165 1507 239 1567; x_wconf 90' lang='lat' dir='ltr'><strong>nuda</strong></span> <span class='ocrx_word' id='word_1_89' title='bbox 251 1506 352 1566; x_wconf 87' lang='lat' dir='ltr'><strong>dabant</strong></span> <span class='ocrx_word' id='word_1_90' title='bbox 363 1516 474 1584; x_wconf 91' lang='lat' dir='ltr'><strong>terrae,</strong></span> <span class='ocrx_word' id='word_1_91' title='bbox 488 1519 626 1568; x_wconf 90' lang='lat' dir='ltr'><strong>nocturno</strong></span> <span class='ocrx_word' id='word_1_92' title='bbox 639 1518 768 1588; x_wconf 91' lang='lat' dir='ltr'><strong>tempore</strong></span> <span class='ocrx_word' id='word_1_93' title='bbox 782 1512 874 1589; x_wconf 90' lang='lat' dir='ltr'><strong>capti,</strong></span> 
     </span>
    </p>

    <p class='ocr_par' dir='ltr' id='par_1_6' title="bbox 91 1588 897 1985">
     <span class='ocr_line' id='line_1_17' title="bbox 91 1588 807 1656; baseline -0.004 0"><span class='ocrx_word' id='word_1_94' title='bbox 91 1599 154 1656; x_wconf 80' lang='lat'><strong>970</strong></span> <span class='ocrx_word' id='word_1_95' title='bbox 166 1593 272 1651; x_wconf 90' lang='lat' dir='ltr'><strong>circum</strong></span> <span class='ocrx_word' id='word_1_96' title='bbox 283 1608 316 1651; x_wconf 92' lang='lat' dir='ltr'><strong>se</strong></span> <span class='ocrx_word' id='word_1_97' title='bbox 328 1588 404 1650; x_wconf 87' lang='lat' dir='ltr'><strong>foliis</strong></span> <span class='ocrx_word' id='word_1_98' title='bbox 416 1609 450 1651; x_wconf 90' lang='lat' dir='ltr'><strong>ac</strong></span> <span class='ocrx_word' id='word_1_99' title='bbox 462 1590 607 1653; x_wconf 82' lang='lat' dir='ltr'><strong>frondibus</strong></span> <span class='ocrx_word' id='word_1_100' title='bbox 619 1592 807 1655; x_wconf 89' lang='lat' dir='ltr'><strong>involventes.</strong></span> 
     </span>
     <span class='ocr_line' id='line_1_18' title="bbox 166 1672 897 1756; baseline 0.005 -22"><span class='ocrx_word' id='word_1_101' title='bbox 166 1693 221 1735; x_wconf 91' lang='lat' dir='ltr'><strong>nec</strong></span> <span class='ocrx_word' id='word_1_102' title='bbox 232 1672 370 1754; x_wconf 83' lang='lat' dir='ltr'><strong>plangore</strong></span> <span class='ocrx_word' id='word_1_103' title='bbox 385 1675 459 1738; x_wconf 87' lang='lat' dir='ltr'><strong>diem</strong></span> <span class='ocrx_word' id='word_1_104' title='bbox 470 1693 572 1753; x_wconf 88' lang='lat' dir='ltr'><strong>magno</strong></span> <span class='ocrx_word' id='word_1_105' title='bbox 584 1676 732 1755; x_wconf 89' lang='lat' dir='ltr'><strong>solemque</strong></span> <span class='ocrx_word' id='word_1_106' title='bbox 747 1696 800 1756; x_wconf 90' lang='lat' dir='ltr'><strong>per</strong></span> <span class='ocrx_word' id='word_1_107' title='bbox 811 1696 897 1755; x_wconf 85' lang='lat' dir='ltr'><strong>agros</strong></span> 
     </span>
     <span class='ocr_line' id='line_1_19' title="bbox 168 1757 869 1839; baseline 0.003 -22"><span class='ocrx_word' id='word_1_108' title='bbox 168 1757 342 1839; x_wconf 89' lang='lat' dir='ltr'><strong>quaerebant</strong></span> <span class='ocrx_word' id='word_1_109' title='bbox 353 1758 446 1836; x_wconf 86' lang='lat' dir='ltr'><strong>pavidi</strong></span> <span class='ocrx_word' id='word_1_110' title='bbox 459 1759 588 1836; x_wconf 88' lang='lat' dir='ltr'><strong>palantes</strong></span> <span class='ocrx_word' id='word_1_111' title='bbox 601 1762 693 1819; x_wconf 86' lang='lat' dir='ltr'><strong>noctis</strong></span> <span class='ocrx_word' id='word_1_112' title='bbox 705 1763 732 1818; x_wconf 90' lang='lat' dir='ltr'><strong>in</strong></span> <span class='ocrx_word' id='word_1_113' title='bbox 747 1761 869 1836; x_wconf 89' lang='lat' dir='ltr'><strong>umbris,</strong></span> 
     </span>
     <span class='ocr_line' id='line_1_20' title="bbox 167 1841 823 1920; baseline -0.003 -17"><span class='ocrx_word' id='word_1_114' title='bbox 167 1841 220 1903; x_wconf 89' lang='lat' dir='ltr'><strong>sed</strong></span> <span class='ocrx_word' id='word_1_115' title='bbox 230 1843 307 1901; x_wconf 90' lang='lat' dir='ltr'><strong>taciti</strong></span> <span class='ocrx_word' id='word_1_116' title='bbox 318 1843 519 1920; x_wconf 87' lang='lat' dir='ltr'><strong>respectabant</strong></span> <span class='ocrx_word' id='word_1_117' title='bbox 532 1859 687 1919; x_wconf 90' lang='lat' dir='ltr'><strong>somnoque</strong></span> <span class='ocrx_word' id='word_1_118' title='bbox 702 1841 823 1920; x_wconf 86' lang='lat' dir='ltr'><strong>sepulti,</strong></span> 
     </span>
     <span class='ocr_line' id='line_1_21' title="bbox 168 1924 817 1985; baseline 0.002 -1"><span class='ocrx_word' id='word_1_119' title='bbox 168 1926 232 1985; x_wconf 92' lang='lat' dir='ltr'><strong>dum</strong></span> <span class='ocrx_word' id='word_1_120' title='bbox 243 1943 327 1985; x_wconf 89' lang='lat' dir='ltr'><strong>rosea</strong></span> <span class='ocrx_word' id='word_1_121' title='bbox 337 1924 402 1985; x_wconf 89' lang='lat' dir='ltr'><strong>iace</strong></span> <span class='ocrx_word' id='word_1_122' title='bbox 418 1924 462 1985; x_wconf 91' lang='lat' dir='ltr'><strong>sol</strong></span> <span class='ocrx_word' id='word_1_123' title='bbox 474 1924 591 1984; x_wconf 87' lang='lat' dir='ltr'><strong>inferret</strong></span> <span class='ocrx_word' id='word_1_124' title='bbox 606 1924 709 1985; x_wconf 91' lang='lat' dir='ltr'><strong>lumina</strong></span> <span class='ocrx_word' id='word_1_125' title='bbox 720 1924 817 1985; x_wconf 88' lang='lat' dir='ltr'><strong>caelo:</strong></span> 
     </span>
    </p>

    <p class='ocr_par' dir='ltr' id='par_1_7' title="bbox 99 2009 907 2424">
     <span class='ocr_line' id='line_1_22' title="bbox 99 2009 907 2088; baseline -0.006 -15"><span class='ocrx_word' id='word_1_126' title='bbox 99 2017 156 2073; x_wconf 84' lang='lat'><strong>975</strong></span> <span class='ocrx_word' id='word_1_127' title='bbox 167 2029 183 2070; x_wconf 91' lang='lat' dir='ltr'><strong>a</strong></span> <span class='ocrx_word' id='word_1_128' title='bbox 195 2010 290 2088; x_wconf 88' lang='lat' dir='ltr'><strong>parvis</strong></span> <span class='ocrx_word' id='word_1_129' title='bbox 302 2009 379 2086; x_wconf 91' lang='lat' dir='ltr'><strong>quod</strong></span> <span class='ocrx_word' id='word_1_130' title='bbox 391 2011 465 2068; x_wconf 91' lang='lat' dir='ltr'><strong>enim</strong></span> <span class='ocrx_word' id='word_1_131' title='bbox 477 2018 647 2069; x_wconf 88' lang='lat' dir='ltr'><strong>consuerant</strong></span> <span class='ocrx_word' id='word_1_132' title='bbox 660 2028 779 2069; x_wconf 91' lang='lat' dir='ltr'><strong>cernere</strong></span> <span class='ocrx_word' id='word_1_133' title='bbox 791 2028 907 2088; x_wconf 90' lang='lat' dir='ltr'><strong>semper</strong></span> 
     </span>
     <span class='ocr_line' id='line_1_23' title="bbox 167 2091 814 2173; baseline 0.002 -21"><span class='ocrx_word' id='word_1_134' title='bbox 167 2092 276 2153; x_wconf 87' lang='lat' dir='ltr'><strong>alterno</strong></span> <span class='ocrx_word' id='word_1_135' title='bbox 290 2091 423 2152; x_wconf 87' lang='lat' dir='ltr'><strong>tenebras</strong></span> <span class='ocrx_word' id='word_1_136' title='bbox 435 2101 464 2152; x_wconf 93' lang='lat' dir='ltr'><strong>et</strong></span> <span class='ocrx_word' id='word_1_137' title='bbox 475 2093 569 2153; x_wconf 90' lang='lat' dir='ltr'><strong>lucem</strong></span> <span class='ocrx_word' id='word_1_138' title='bbox 580 2103 709 2173; x_wconf 89' lang='lat' dir='ltr'><strong>tempore</strong></span> <span class='ocrx_word' id='word_1_139' title='bbox 720 2095 814 2173; x_wconf 85' lang='lat' dir='ltr'><strong>gigni,</strong></span> 
     </span>
     <span class='ocr_line' id='line_1_24' title="bbox 167 2175 802 2258; baseline 0.002 -22"><span class='ocrx_word' id='word_1_140' title='bbox 167 2195 225 2236; x_wconf 92' lang='lat' dir='ltr'><strong>non</strong></span> <span class='ocrx_word' id='word_1_141' title='bbox 236 2184 296 2236; x_wconf 90' lang='lat' dir='ltr'><strong>erat</strong></span> <span class='ocrx_word' id='word_1_142' title='bbox 307 2185 337 2235; x_wconf 91' lang='lat' dir='ltr'><strong>ut</strong></span> <span class='ocrx_word' id='word_1_143' title='bbox 349 2175 410 2234; x_wconf 89' lang='lat' dir='ltr'><strong>fieri</strong></span> <span class='ocrx_word' id='word_1_144' title='bbox 422 2179 661 2255; x_wconf 89' lang='lat' dir='ltr'><strong>possetmirarier</strong></span> <span class='ocrx_word' id='word_1_145' title='bbox 671 2197 802 2258; x_wconf 92' lang='lat' dir='ltr'><strong>umquam</strong></span> 
     </span>
     <span class='ocr_line' id='line_1_25' title="bbox 167 2259 788 2336; baseline 0.002 -15"><span class='ocrx_word' id='word_1_146' title='bbox 167 2279 223 2321; x_wconf 90' lang='lat' dir='ltr'><strong>nec</strong></span> <span class='ocrx_word' id='word_1_147' title='bbox 238 2259 384 2336; x_wconf 86' lang='lat' dir='ltr'><strong>diffidere,</strong></span> <span class='ocrx_word' id='word_1_148' title='bbox 397 2278 433 2320; x_wconf 89' lang='lat' dir='ltr'><strong>ue</strong></span> <span class='ocrx_word' id='word_1_149' title='bbox 447 2270 538 2321; x_wconf 90' lang='lat' dir='ltr'><strong>terras</strong></span> <span class='ocrx_word' id='word_1_150' title='bbox 552 2271 667 2322; x_wconf 86' lang='lat' dir='ltr'><strong>aeterne</strong></span> <span class='ocrx_word' id='word_1_151' title='bbox 677 2271 788 2322; x_wconf 91' lang='lat' dir='ltr'><strong>teneret</strong></span> 
     </span>
     <span class='ocr_line' id='line_1_26' title="bbox 166 2343 793 2424; baseline 0 -20"><span class='ocrx_word' id='word_1_152' title='bbox 166 2362 225 2404; x_wconf 86' lang='lat' dir='ltr'><strong>non</strong></span> <span class='ocrx_word' id='word_1_153' title='bbox 235 2345 264 2402; x_wconf 94' lang='lat' dir='ltr'><strong>in</strong></span> <span class='ocrx_word' id='word_1_154' title='bbox 278 2353 448 2424; x_wconf 91' lang='lat' dir='ltr'><strong>perpetuum</strong></span> <span class='ocrx_word' id='word_1_155' title='bbox 459 2344 586 2406; x_wconf 92' lang='lat' dir='ltr'><strong>detracto</strong></span> <span class='ocrx_word' id='word_1_156' title='bbox 599 2343 702 2404; x_wconf 92' lang='lat' dir='ltr'><strong>lumine</strong></span> <span class='ocrx_word' id='word_1_157' title='bbox 715 2345 793 2405; x_wconf 91' lang='lat' dir='ltr'><strong>solis.</strong></span> 
     </span>
    </p>

    <p class='ocr_par' dir='ltr' id='par_1_8' title="bbox 98 2427 922 2846">
     <span class='ocr_line' id='line_1_27' title="bbox 98 2427 922 2507; baseline -0.001 -20"><span class='ocrx_word' id='word_1_158' title='bbox 98 2436 156 2491; x_wconf 75' lang='lat'><strong>,980</strong></span> <span class='ocrx_word' id='word_1_159' title='bbox 166 2428 220 2489; x_wconf 90' lang='lat' dir='ltr'><strong>sed</strong></span> <span class='ocrx_word' id='word_1_160' title='bbox 233 2430 323 2506; x_wconf 88' lang='lat' dir='ltr'><strong>magis</strong></span> <span class='ocrx_word' id='word_1_161' title='bbox 335 2427 405 2487; x_wconf 94' lang='lat' dir='ltr'><strong>illud</strong></span> <span class='ocrx_word' id='word_1_162' title='bbox 417 2439 477 2490; x_wconf 88' lang='lat' dir='ltr'><strong>erat</strong></span> <span class='ocrx_word' id='word_1_163' title='bbox 490 2448 592 2507; x_wconf 90' lang='lat' dir='ltr'><strong>curae,</strong></span> <span class='ocrx_word' id='word_1_164' title='bbox 606 2430 682 2507; x_wconf 90' lang='lat' dir='ltr'><strong>quod</strong></span> <span class='ocrx_word' id='word_1_165' title='bbox 693 2428 789 2489; x_wconf 90' lang='lat' dir='ltr'><strong>saecla</strong></span> <span class='ocrx_word' id='word_1_166' title='bbox 800 2429 922 2489; x_wconf 87' lang='lat' dir='ltr'><strong>ferarum</strong></span> 
     </span>
     <span class='ocr_line' id='line_1_28' title="bbox 167 2511 823 2592; baseline 0.003 -21"><span class='ocrx_word' id='word_1_167' title='bbox 167 2511 298 2572; x_wconf 87' lang='lat' dir='ltr'><strong>infestam</strong></span> <span class='ocrx_word' id='word_1_168' title='bbox 309 2513 420 2575; x_wconf 81' lang='lat' dir='ltr'><strong>miseris</strong></span> <span class='ocrx_word' id='word_1_169' title='bbox 432 2513 573 2574; x_wconf 90' lang='lat' dir='ltr'><strong>iaciebant</strong></span> <span class='ocrx_word' id='word_1_170' title='bbox 585 2533 673 2592; x_wconf 90' lang='lat' dir='ltr'><strong>saepe</strong></span> <span class='ocrx_word' id='word_1_171' title='bbox 686 2515 823 2592; x_wconf 86' lang='lat' dir='ltr'><strong>quietem:</strong></span> 
     </span>
     <span class='ocr_line' id='line_1_29' title="bbox 168 2596 753 2676; baseline 0.002 -20"><span class='ocrx_word' id='word_1_172' title='bbox 168 2599 312 2675; x_wconf 89' lang='lat' dir='ltr'><strong>eiectique</strong></span> <span class='ocrx_word' id='word_1_173' title='bbox 326 2596 409 2656; x_wconf 92' lang='lat' dir='ltr'><strong>domo</strong></span> <span class='ocrx_word' id='word_1_174' title='bbox 422 2596 568 2676; x_wconf 82' lang='lat' dir='ltr'><strong>fugiebant</strong></span> <span class='ocrx_word' id='word_1_175' title='bbox 580 2616 666 2659; x_wconf 85' lang='lat' dir='ltr'><strong>saxea</strong></span> <span class='ocrx_word' id='word_1_176' title='bbox 676 2607 753 2658; x_wconf 89' lang='lat' dir='ltr'><strong>tecta</strong></span> 
     </span>
     <span class='ocr_line' id='line_1_30' title="bbox 166 2679 780 2760; baseline 0.007 -20"><span class='ocrx_word' id='word_1_177' title='bbox 166 2682 322 2757; x_wconf 85' lang='lat' dir='ltr'><strong>spumigeri</strong></span> <span class='ocrx_word' id='word_1_178' title='bbox 334 2682 392 2740; x_wconf 91' lang='lat' dir='ltr'><strong>suis</strong></span> <span class='ocrx_word' id='word_1_179' title='bbox 406 2679 528 2742; x_wconf 87' lang='lat' dir='ltr'><strong>adventu</strong></span> <span class='ocrx_word' id='word_1_180' title='bbox 539 2682 660 2743; x_wconf 86' lang='lat' dir='ltr'><strong>validive</strong></span> <span class='ocrx_word' id='word_1_181' title='bbox 671 2682 780 2760; x_wconf 88' lang='lat' dir='ltr'><strong>leonis,</strong></span> 
     </span>
     <span class='ocr_line' id='line_1_31' title="bbox 166 2765 905 2846; baseline 0.003 -22"><span class='ocrx_word' id='word_1_182' title='bbox 166 2773 252 2842; x_wconf 92' lang='lat' dir='ltr'><strong>atque</strong></span> <span class='ocrx_word' id='word_1_183' title='bbox 262 2765 432 2842; x_wconf 88' lang='lat' dir='ltr'><strong>intempesta</strong></span> <span class='ocrx_word' id='word_1_184' title='bbox 447 2766 586 2827; x_wconf 89' lang='lat' dir='ltr'><strong>cedebant</strong></span> <span class='ocrx_word' id='word_1_185' title='bbox 598 2777 684 2828; x_wconf 90' lang='lat' dir='ltr'><strong>nocte</strong></span> <span class='ocrx_word' id='word_1_186' title='bbox 695 2777 835 2846; x_wconf 88' lang='lat' dir='ltr'><strong>paventes</strong></span> <span class='ocrx_word' id='word_1_187' title='bbox 903 2821 905 2826; x_wconf 91' lang='lat'><em>.</em></span> 
     </span>
    </p>

    <p class='ocr_par' dir='ltr' id='par_1_9' title="bbox 100 2846 793 2927">
     <span class='ocr_line' id='line_1_32' title="bbox 100 2846 793 2927; baseline -0.001 -17"><span class='ocrx_word' id='word_1_188' title='bbox 100 2854 153 2910; x_wconf 81' lang='lat'><strong>985</strong></span> <span class='ocrx_word' id='word_1_189' title='bbox 164 2846 324 2927; x_wconf 85' lang='lat' dir='ltr'><strong>hospitibus</strong></span> <span class='ocrx_word' id='word_1_190' title='bbox 337 2849 430 2908; x_wconf 90' lang='lat' dir='ltr'><strong>saevis</strong></span> <span class='ocrx_word' id='word_1_191' title='bbox 442 2850 557 2910; x_wconf 87' lang='lat' dir='ltr'><strong>instrata</strong></span> <span class='ocrx_word' id='word_1_192' title='bbox 569 2850 672 2911; x_wconf 88' lang='lat' dir='ltr'><strong>cubilia</strong></span> <span class='ocrx_word' id='word_1_193' title='bbox 684 2850 793 2911; x_wconf 89' lang='lat' dir='ltr'><strong>fronde.</strong></span> 
     </span>
    </p>

    <p class='ocr_par' dir='ltr' id='par_1_10' title="bbox 164 2929 943 3260">
     <span class='ocr_line' id='line_1_33' title="bbox 209 2929 943 3011; baseline 0.003 -21"><span class='ocrx_word' id='word_1_194' title='bbox 209 2929 272 2991; x_wconf 87' lang='lat' dir='ltr'><strong>Nec</strong></span> <span class='ocrx_word' id='word_1_195' title='bbox 284 2933 368 2990; x_wconf 92' lang='lat' dir='ltr'><strong>nimio</strong></span> <span class='ocrx_word' id='word_1_196' title='bbox 381 2942 439 2991; x_wconf 91' lang='lat' dir='ltr'><strong>tum</strong></span> <span class='ocrx_word' id='word_1_197' title='bbox 451 2932 516 3010; x_wconf 90' lang='lat' dir='ltr'><strong>plus</strong></span> <span class='ocrx_word' id='word_1_198' title='bbox 530 2952 612 3011; x_wconf 92' lang='lat' dir='ltr'><strong>quam</strong></span> <span class='ocrx_word' id='word_1_199' title='bbox 623 2952 697 2993; x_wconf 93' lang='lat' dir='ltr'><strong>nunc</strong></span> <span class='ocrx_word' id='word_1_200' title='bbox 708 2932 836 2993; x_wconf 88' lang='lat' dir='ltr'><strong>mortalia</strong></span> <span class='ocrx_word' id='word_1_201' title='bbox 846 2932 943 2993; x_wconf 92' lang='lat' dir='ltr'><strong>saecla</strong></span> 
     </span>
     <span class='ocr_line' id='line_1_34' title="bbox 167 3014 779 3094; baseline 0.002 -21"><span class='ocrx_word' id='word_1_202' title='bbox 167 3014 260 3074; x_wconf 91' lang='lat' dir='ltr'><strong>dulcia</strong></span> <span class='ocrx_word' id='word_1_203' title='bbox 270 3014 434 3094; x_wconf 88' lang='lat' dir='ltr'><strong>linquebant</strong></span> <span class='ocrx_word' id='word_1_204' title='bbox 449 3015 570 3076; x_wconf 89' lang='lat' dir='ltr'><strong>labentis</strong></span> <span class='ocrx_word' id='word_1_205' title='bbox 582 3017 683 3075; x_wconf 89' lang='lat' dir='ltr'><strong>lumina</strong></span> <span class='ocrx_word' id='word_1_206' title='bbox 694 3018 779 3076; x_wconf 86' lang='lat' dir='ltr'><strong>vitae.</strong></span> 
     </span>
     <span class='ocr_line' id='line_1_35' title="bbox 166 3098 907 3178; baseline -0.003 -21"><span class='ocrx_word' id='word_1_207' title='bbox 166 3104 237 3158; x_wconf 87' lang='lat' dir='ltr'><strong>unus</strong></span> <span class='ocrx_word' id='word_1_208' title='bbox 250 3101 325 3157; x_wconf 92' lang='lat' dir='ltr'><strong>enim</strong></span> <span class='ocrx_word' id='word_1_209' title='bbox 335 3107 393 3157; x_wconf 92' lang='lat' dir='ltr'><strong>tum</strong></span> <span class='ocrx_word' id='word_1_210' title='bbox 405 3101 525 3178; x_wconf 88' lang='lat' dir='ltr'><strong>quisque</strong></span> <span class='ocrx_word' id='word_1_211' title='bbox 539 3102 628 3177; x_wconf 84' lang='lat' dir='ltr'><strong>magis</strong></span> <span class='ocrx_word' id='word_1_212' title='bbox 639 3098 798 3178; x_wconf 90' lang='lat' dir='ltr'><strong>deprensus</strong></span> <span class='ocrx_word' id='word_1_213' title='bbox 810 3115 907 3157; x_wconf 90' lang='lat' dir='ltr'><strong>eorum</strong></span> 
     </span>
     <span class='ocr_line' id='line_1_36' title="bbox 164 3181 902 3260; baseline 0 -19"><span class='ocrx_word' id='word_1_214' title='bbox 164 3181 269 3260; x_wconf 88' lang='lat' dir='ltr'><strong>pabula</strong></span> <span class='ocrx_word' id='word_1_215' title='bbox 282 3183 346 3241; x_wconf 89' lang='lat' dir='ltr'><strong>viva</strong></span> <span class='ocrx_word' id='word_1_216' title='bbox 357 3181 427 3241; x_wconf 89' lang='lat' dir='ltr'><strong>ieris</strong></span> <span class='ocrx_word' id='word_1_217' title='bbox 442 3183 613 3260; x_wconf 89' lang='lat' dir='ltr'><strong>praebebat,</strong></span> <span class='ocrx_word' id='word_1_218' title='bbox 627 3181 757 3243; x_wconf 87' lang='lat' dir='ltr'><strong>dentibus</strong></span> <span class='ocrx_word' id='word_1_219' title='bbox 768 3182 902 3257; x_wconf 89' lang='lat' dir='ltr'><strong>haustus,</strong></span> 
     </span>
    </p>

    <p class='ocr_par' dir='ltr' id='par_1_11' title="bbox 100 3265 920 3515">
     <span class='ocr_line' id='line_1_37' title="bbox 100 3265 920 3345; baseline -0.001 -20"><span class='ocrx_word' id='word_1_220' title='bbox 100 3272 154 3326; x_wconf 86' lang='lat'><strong>990</strong></span> <span class='ocrx_word' id='word_1_221' title='bbox 165 3274 194 3325; x_wconf 89' lang='lat' dir='ltr'><strong>et</strong></span> <span class='ocrx_word' id='word_1_222' title='bbox 205 3282 321 3325; x_wconf 89' lang='lat' dir='ltr'><strong>nemora</strong></span> <span class='ocrx_word' id='word_1_223' title='bbox 331 3282 366 3325; x_wconf 89' lang='lat' dir='ltr'><strong>ac</strong></span> <span class='ocrx_word' id='word_1_224' title='bbox 379 3268 483 3326; x_wconf 92' lang='lat' dir='ltr'><strong>montis</strong></span> <span class='ocrx_word' id='word_1_225' title='bbox 494 3268 601 3345; x_wconf 90' lang='lat' dir='ltr'><strong>gemitu</strong></span> <span class='ocrx_word' id='word_1_226' title='bbox 614 3265 758 3344; x_wconf 89' lang='lat' dir='ltr'><strong>silvasque</strong></span> <span class='ocrx_word' id='word_1_227' title='bbox 771 3265 920 3345; x_wconf 91' lang='lat' dir='ltr'><strong>replebat,</strong></span> 
     </span>
     <span class='ocr_line' id='line_1_38' title="bbox 165 3348 775 3429; baseline 0.003 -22"><span class='ocrx_word' id='word_1_228' title='bbox 165 3351 230 3408; x_wconf 89' lang='lat' dir='ltr'><strong>viva</strong></span> <span class='ocrx_word' id='word_1_229' title='bbox 240 3348 340 3408; x_wconf 91' lang='lat' dir='ltr'><strong>videns</strong></span> <span class='ocrx_word' id='word_1_230' title='bbox 351 3348 417 3408; x_wconf 85' lang='lat' dir='ltr'><strong>vivo</strong></span> <span class='ocrx_word' id='word_1_231' title='bbox 428 3349 547 3429; x_wconf 85' lang='lat' dir='ltr'><strong>sepeliri</strong></span> <span class='ocrx_word' id='word_1_232' title='bbox 557 3352 669 3411; x_wconf 87' lang='lat' dir='ltr'><strong>viscera</strong></span> <span class='ocrx_word' id='word_1_233' title='bbox 681 3351 775 3410; x_wconf 90' lang='lat' dir='ltr'><strong>busto.</strong></span> 
     </span>
     <span class='ocr_line' id='line_1_39' title="bbox 165 3432 810 3515; baseline 0.005 -24"><span class='ocrx_word' id='word_1_234' title='bbox 165 3441 192 3491; x_wconf 88' lang='lat' dir='ltr'><strong>at</strong></span> <span class='ocrx_word' id='word_1_235' title='bbox 204 3450 276 3510; x_wconf 89' lang='lat' dir='ltr'><strong>quos</strong></span> <span class='ocrx_word' id='word_1_236' title='bbox 291 3432 427 3508; x_wconf 87' lang='lat' dir='ltr'><strong>elingium</strong></span> <span class='ocrx_word' id='word_1_237' title='bbox 436 3443 561 3495; x_wconf 89' lang='lat' dir='ltr'><strong>servarat</strong></span> <span class='ocrx_word' id='word_1_238' title='bbox 572 3451 693 3515; x_wconf 89' lang='lat' dir='ltr'><strong>corpore</strong></span> <span class='ocrx_word' id='word_1_239' title='bbox 705 3433 810 3510; x_wconf 85' lang='lat' dir='ltr'><strong>adeso,</strong></span> 
     </span>
    </p>
   </div>
   <div class='ocr_carea' id='block_1_3' title="bbox 0 0 1148 3886">
    <p class='ocr_par' dir='ltr' id='par_1_12' title="bbox 0 0 1148 3886">
     <span class='ocr_line' id='line_1_40' title="bbox 0 0 1148 3886; baseline 0 0"><span class='ocrx_word' id='word_1_240' title='bbox 0 0 1148 3886; x_wconf 95' lang='lat' dir='ltr'><strong> </strong></span> 
     </span>
    </p>
   </div>
  </div>
 </body>
</html>
