2288 3886
116 198 164 268 40
606 197 633 258 ll

137 376 192 434 000
205 366 342 448 percipe,
354 364 517 442 multigenis
530 383 611 444 quam
624 368 679 427 sint
690 366 794 427 variata
810 367 922 446 ligerim

205 467 263 512 non
278 466 335 529 quo
344 447 430 509 multa
441 466 538 527 pamm
550 449 635 509 simili
648 452 703 512 sint
716 449 844 529 praedita
854 451 962 530 lorma,

204 533 258 596 sed
270 535 335 613 qnia
345 549 402 592 non
412 531 500 609 uolgo
512 534 589 612 paria
602 534 731 594 omnibus
745 537 836 595 omnia
850 544 995 597 constent

204 636 261 679 nec
271 618 383 676 mirum:
398 634 460 676 nam
473 633 536 676 eum
547 618 584 677 sit
596 634 695 679 corum
707 619 790 697 eopia
801 627 892 695 tanta,

205 712 236 763 nt
247 718 341 780 neque
355 700 433 778 linis,
449 701 489 760 uti
500 699 601 780 docui,
614 720 709 780 neque
720 719 827 763 summa
840 704 877 764 sit
888 703 961 782 ulla,

138 796 193 852 340
203 786 327 861 debent,
339 785 484 861 nimirum,
499 802 556 844 non
568 787 696 847 omnibus
710 787 801 847 omnia
811 803 944 866 prorsum

204 888 272 932 0000
285 869 346 949 pari
358 867 405 929 lilo
419 867 560 947 similique
574 868 686 931 adlecta
697 870 795 948 ligura.

136 989 138 994 ·
204 955 360 1035 parturiunt
372 971 464 1030 genus
477 952 624 1014 humanum
636 963 787 1033 mutaeque
797 962 925 1014 nutantes

204 1038 414 1118 squamigerum
427 1036 555 1116 pecudes
569 1045 599 1098 et
609 1035 684 1099 laeta
694 1046 817 1098 armenta
828 1036 985 1118 feraeque,

205 1131 234 1184 et
246 1124 341 1182 variae
352 1119 504 1198 volucres,
516 1119 647 1182 laetantia
662 1140 734 1201 quae
748 1121 813 1182 locu
825 1139 959 1200 uquarum

138 1216 191 1271 345
206 1205 408 1269 concelebrant
421 1206 527 1265 circum
536 1208 612 1284 ripas
625 1205 768 1285 fontisque
779 1204 934 1285 lacusque,

205 1302 234 1353 et
248 1308 321 1370 quae
336 1289 505 1368 pervolgant
518 1306 633 1350 nemora
646 1292 707 1350 avia
719 1289 937 1369 periclitantem

204 1390 323 1454 quorum
338 1390 422 1431 unum
433 1371 543 1450 quidvis
555 1376 710 1451 generatim
721 1392 835 1435 sumere
847 1391 954 1452 perge:

203 1459 332 1518 invenies
344 1466 436 1517 tamen
447 1458 521 1516 inter
531 1475 563 1517 sc
577 1458 691 1518 dillerre
703 1458 809 1536 liguris.

203 1560 258 1602 nec
270 1541 378 1601 ratione
390 1538 443 1600 alia
454 1539 551 1618 proles
566 1558 746 1618 cognoscem
757 1552 874 1602 matrem
938 1563 941 1572 ·

137 1636 191 1690 300
202 1644 257 1687 000
268 1633 357 1684 maier
367 1633 468 1702 posset
479 1623 605 1702 prolem;
616 1625 692 1705 quod
703 1642 792 1705 posse
804 1625 952 1704 videmus,

205 1728 260 1770 nec
272 1710 362 1768 minus
373 1718 458 1786 atque
471 1707 599 1768 homines
611 1710 685 1770 inter
694 1728 728 1770 se
739 1719 806 1770 notu
818 1708 926 1770 cluere.

204 1810 267 1855 nam
278 1811 367 1872 saepe
380 1801 445 1853 ante
459 1792 543 1853 deum
553 1792 658 1854 vitulus
670 1792 786 1854 delubra
800 1793 905 1854 decora

204 1880 370 1940 turicremas
382 1887 502 1956 propter
511 1886 648 1939 mactatus
664 1877 789 1939 concidit
802 1895 882 1955 urus,

204 1964 347 2040 sanguinis
363 1963 493 2039 expirans
507 1960 626 2021 calidum
640 1961 679 2022 de·
689 1971 810 2041 pectore
823 1961 945 2023 llumen:

139 2055 191 2108 355
203 2056 231 2106 at
241 2055 331 2105 muter
342 2044 437 2104 viridis
451 2044 539 2105 saltus
555 2046 652 2106 orbata
665 2063 819 2125 peragrans

204 2130 297 2189 noscit
309 2126 385 2186 humi
398 2126 519 2206 pedibus
532 2131 654 2207 vestigia
665 2148 766 2208 pressa
779 2129 916 2207 bisulcis,

204 2214 295 2273 omnia
307 2213 458 2273 convisens
468 2213 559 2275 oculis
570 2212 652 2292 loca,
664 2215 689 2274 si
701 2222 786 2293 queat
796 2233 914 2292 usquam

204 2298 374 2375 conspicere
385 2297 516 2358 amissum
527 2297 631 2377 ictum,
646 2296 828 2377 completque
840 2297 980 2376 querellis

204 2381 388 2442 frondiferum
399 2399 498 2443 nemus
512 2382 652 2460 adsiduis,
665 2393 694 2443 et
710 2383 810 2443 crebra
819 2384 918 2442 revisit

137 2466 237 2530 360οἀ
250 2465 406 2544 stabulum,
420 2465 563 2527 desiderio
577 2469 684 2545 perfixa
695 2468 824 2544 invenci,

202 2569 257 2611 nec
267 2561 384 2611 tenerae
396 2549 501 2611 salices
513 2561 598 2629 atque
609 2549 715 2611 herbae
726 2568 792 2610 rore
806 2552 939 2627 vigentes

203 2633 372 2712 fluminaque
384 2632 433 2692 illa
448 2643 554 2711 queunt
564 2635 678 2694 summis
689 2633 811 2695 labentia
819 2636 889 2713 ripis

203 2716 349 2776 oblectare
363 2717 482 2775 animum
497 2716 665 2797 dubiamque
676 2728 808 2778 avertere
819 2736 930 2796 000000,

202 2818 258 2860 000
269 2799 419 2860 vitulorum
430 2799 501 2860 aliae
517 2803 633 2880 species
644 2820 697 2882 per
708 2801 810 2881 pabula
821 2801 895 2863 laeta

137 2893 190 2946 365
203 2883 331 2944 derivare
345 2893 451 2964 queunt
466 2888 585 2945 animum
597 2904 720 2965 curaque
734 2886 847 2947 levare:

203 2986 295 3047 usqm
308 2968 380 3029 adeo
392 2968 521 3047 quiddam
532 2971 677 3050 proprium
687 2979 841 3051 notumque
852 2982 982 3050 requrrrt.

201 3062 351 3132 praeterea
364 3055 456 3113 teneri
470 3053 598 3116 tremulis
613 3072 676 3114 cum
686 3055 806 3116 vocibus
819 3053 902 3116 haedi
941 3126 944 3132 ,

203 3139 368 3214 cornigeras
379 3147 481 3197 norunt
491 3148 613 3217 matres,
626 3140 749 3218 agnique
763 3138 871 3218 petulci

201 3219 342 3280 balantum
353 3221 496 3299 pecudes:
507 3224 560 3301 ita,
574 3223 650 3303 quod
662 3233 758 3283 naturu
772 3225 919 3303 reposcit,

135 3311 190 3367 370
201 3301 237 3363 ad
248 3321 299 3364 sua
310 3306 430 3384 quisque
442 3305 504 3367 lere
516 3307 668 3367 decurrunt
676 3307 766 3370 ubera
776 3307 868 3368 lactis.

199 3395 346 3470 postremo
359 3390 478 3468 quodvis
490 3391 658 3452 frumentum
671 3400 831 3452 nontamen
843 3409 927 3453 omno

200 3471 306 3551 quique
317 3491 371 3535 suo
382 3493 491 3552 genere
502 3477 576 3536 inter
586 3494 619 3536 00
630 3475 721 3537 simile
734 3493 801 3536 0000
815 3475 945 3556 videbis,
