2288 3886
122 157 184 222 154
605 158 632 216 V

205 335 236 386 et
248 343 312 385 eum
327 321 434 384 deserti
446 320 602 381 baubantur
613 321 786 399 insedibus,
801 332 848 383 aut
865 340 930 382 cum

122 417 191 473 1070
205 407 342 488 plorantis
353 407 462 483 fugiunt
473 407 622 465 summisso
635 422 757 484 corpore
772 403 882 484 plagas.

206 493 328 568 denique
339 507 395 548 uon
407 488 529 549 hinnitus
541 490 608 549 item
619 489 733 549 differre
748 489 876 567 videtur,

206 578 279 636 inter
292 591 380 651 equas
391 573 439 632 nbi
452 590 542 651 equus
553 571 663 632 florenti
677 582 770 632 aetate
781 574 919 633 iuvencus

206 658 346 738 pinnigeri
358 657 448 718 saevit
461 652 618 716 calcaribus
629 658 704 716 ictus
717 656 837 733 amoris,

207 752 235 802 et
246 742 389 801 fremitum
399 738 502 818 patulis
515 739 563 797 ubi
574 740 686 798 naribus
701 737 758 798 edit
769 738 805 798 ad
818 757 910 818 arma,

123 835 190 889 1075
205 835 236 886 01
249 842 313 885 curn
323 825 366 884 sic
377 820 446 882 alias
459 824 608 882 concussis
619 822 725 883 artibus
735 819 843 884 hinnit?

206 918 352 989 postremo
364 924 456 984 genus
471 903 586 965 alituum
599 908 750 984 variaeque
761 904 912 986 volucres,

206 993 360 1071 accipitres
371 1001 456 1068 atque
469 989 626 1067 ossifragae
638 991 786 1068 mergique
797 992 910 1052 marinis

208 1076 341 1137 fluctibus
355 1077 384 1133 in
399 1072 475 1134 salso
485 1075 590 1133 victum
602 1075 743 1152 vitamque
757 1082 908 1153 petentes,

207 1161 294 1237 longo
305 1158 374 1219 alias
389 1156 444 1216 alio
460 1158 563 1217 iaciunt
575 1159 603 1216 in
616 1167 745 1236 tempore
759 1174 868 1236 voces,

125 1253 193 1308 1080
209 1255 237 1304 et
253 1259 337 1322 quom
348 1242 384 1302 de
395 1243 472 1300 victu
488 1251 597 1301 certant
608 1240 788 1320 praedaeque
803 1253 980 1320 repugnant:

208 1338 237 1389 et
250 1328 352 1406 partim
365 1334 471 1384 mutant
483 1343 546 1384 cum
557 1326 773 1403 tempestatibus
790 1343 844 1385 una

208 1412 374 1472 raucisonos
388 1419 504 1486 cantus,
517 1410 660 1468 cornicum
671 1418 701 1468 ut
712 1408 808 1470 saecla
819 1419 932 1472 0010010

210 1511 416 1572 corvorumque
427 1510 534 1570 greges
545 1493 594 1552 ubi
609 1510 708 1571 aquam
720 1491 848 1553 (11000100
858 1502 888 1554 01
899 1495 999 1557 imbris

208 1594 333 1657 poscere
347 1585 376 1637 et
387 1575 526 1635 interdum
537 1585 639 1636 ventos
653 1594 791 1655 aurasque
802 1593 917 1638 vocare.

127 1672 193 1727 1085
209 1677 280 1738 ergo
296 1662 320 1720 si
332 1661 401 1719 varii
413 1678 514 1720 sensus
529 1661 656 1720 animalia
668 1671 791 1740 cogunt,

209 1754 284 1805 muta
296 1753 389 1804 tamen
401 1762 465 1803 cum
477 1745 550 1823 sint,
563 1747 653 1805 varias
666 1747 796 1805 emittere
811 1761 918 1823 voces,

211 1839 313 1909 quanto
326 1827 453 1890 mortalis
463 1829 552 1905 magis
566 1839 715 1906 aequumst
726 1838 786 1889 tum
800 1830 929 1907 potuisse

210 1914 353 1976 dissimilis
362 1913 416 1974 alia
430 1923 515 1991 atque
526 1912 579 1973 alia
590 1931 638 1973 res
649 1929 722 1972 0000
734 1912 847 1973 notare!

250 1997 264 2082 Η
279 1997 353 2058 11101
362 2000 391 2058 10
401 1998 445 2057 his
456 1998 543 2058 rebus
557 2000 660 2058 tacitus
672 2016 708 2058 ne
720 1998 795 2058 forte
806 1999 951 2078 requiras,

127 2095 195 2150 1090
210 2083 316 2144 fulmen
329 2081 430 2142 detulit
441 2083 470 2140 in
482 2091 586 2141 terram
600 2081 764 2144 mortalibus
775 2083 870 2161 ignem

210 2169 355 2248 primitus,
369 2165 434 2224 inde
447 2167 536 2224 omnis
550 2165 719 2225 flammarum
731 2167 833 2226 diditur
847 2166 945 2227 ardor:

210 2251 296 2311 multa
310 2248 439 2310 videmus
451 2251 525 2308 enim
542 2249 716 2310 caelestibus
729 2250 806 2311 inlita
821 2249 939 2310 flammis

210 2335 341 2413 lulgere,
358 2351 422 2393 oum
434 2332 506 2393 caeli
518 2333 630 2394 donavit
641 2333 726 2413 plaga
739 2351 854 2413 vapore.

210 2431 239 2482 et
252 2435 362 2479 ramosa
373 2425 466 2476 tamen
483 2435 546 2477 cum
558 2419 652 2479 ventis
663 2417 745 2495 pulsa
758 2416 895 2477 vacillans

127 2512 194 2567 1095
210 2512 319 2564 aestuat
333 2503 361 2560 in
372 2516 465 2560 ramos
477 2502 643 2561 incumbens
654 2501 763 2562 arboris
775 2502 875 2578 arbor,

37 2578 41 2587 ⁴
211 2588 376 2666 exprimitur
386 2582 486 2645 validis
496 2586 616 2646 extritus
629 2585 736 2646 viribus
747 2587 821 2663 ignis

210 2680 239 2730 01
252 2672 336 2729 micat
347 2668 487 2727 interdum
498 2669 615 2730 flammai
627 2669 752 2730 feruidus
767 2668 865 2745 ardor,

210 2762 305 2813 mutua
317 2751 381 2810 dum
392 2752 465 2810 inter
477 2771 510 2811 00
521 2755 589 2811 rami
601 2756 763 2832 stirpesque
774 2762 910 2812 teruntur.

211 2853 329 2914 quorum
339 2836 487 2913 utrumque
503 2835 618 2896 dedisse
633 2846 730 2914 potest
744 2835 909 2897 mortalibus
923 2837 1032 2913 ignem.

128 2931 196 2982 1100
210 2921 276 2981 1010
292 2919 384 2978 cibum
400 2936 526 2996 coquere
538 2938 572 2979 ac
585 2921 711 2981 flammae
723 2919 835 2980 mollire
846 2936 954 2998 vapore

211 3003 255 3065 sol
270 3004 383 3081 docuit,
399 3007 529 3081 quoniam
540 3007 694 3065 mitescere
706 3005 793 3065 multa
803 3003 937 3064 videbant

208 3088 378 3149 verberibus
391 3087 533 3147 radiorum
544 3098 627 3166 atque
639 3098 721 3149 aestu
732 3091 807 3149 vieta
819 3105 873 3168 per
883 3104 979 3165 agros.

251 3170 340 3249 Inque
352 3170 414 3232 dies
425 3174 515 3249 magis
526 3171 554 3230 hi
565 3173 671 3232 vietum
682 3175 824 3251 vitamque
835 3173 962 3251 priorem

210 3264 382 3315 commutare
393 3255 474 3315 noris
485 3258 677 3316 monstrabant
692 3256 772 3316 rehu’
788 3255 919 3333 benigni,

125 3349 191 3402 1105
205 3339 320 3416 iugenio
332 3340 380 3416 qui
391 3339 571 3416 praestabant
583 3349 612 3399 et
625 3340 711 3400 corde
724 3341 868 3418 rigebant.

210 3421 336 3483 condere
348 3433 505 3499 coeperunt
518 3424 594 3483 urbis
606 3441 758 3501 arcemque
770 3423 868 3484 locare
