2288 3886
117 183 178 248 100
598 182 638 244 lv

135 361 187 415 315
200 351 274 412 flexa
286 352 376 430 figura
390 344 477 412 docet
488 350 600 431 speculi
616 353 779 412 convertier
788 351 824 411 ad
839 369 901 411 nos.

199 434 348 513 indugredi
359 452 445 513 porro
458 437 564 514 pariter
577 434 726 496 simulacra
741 433 903 514 pedemque

199 537 310 600 ponere
320 519 468 579 nobiscum
484 517 586 580 credas
599 528 770 598 gestumque
780 519 880 579 imitari

199 604 446 684 proptereaque,
462 602 498 662 de
510 601 623 681 speculi
639 621 693 680 qua
704 611 785 683 parte
796 600 937 677 recedas,

201 688 334 749 continuo
346 694 491 765 nequeunt
502 685 582 746 illine
593 685 741 748 simulacra
752 689 874 754 reverti3

63 772 71 783 “
137 780 190 833 300
201 773 291 831 omnia
303 769 528 849 quandoquidem
541 772 619 848 cogit
629 779 726 832 natura
736 769 837 831 referri

200 873 234 915 ac
248 853 360 915 resilire
372 854 408 914 ab
419 855 506 915 rebus
521 853 556 915 ad
566 872 675 933 aequos
690 855 799 915 reddita
810 853 911 914 flexus.

243 938 397 1018 Splendida
409 956 495 1017 porro
508 937 584 998 oculi
595 938 715 1017 fugitant
724 941 870 1017 vitantque
882 937 972 999 tueri:

201 1021 246 1084 sol
257 1025 341 1083 etiam
353 1032 469 1099 caecat,
484 1032 581 1084 contra
593 1025 616 1082 si
630 1021 750 1083 tendere
762 1040 886 1102 pergas,

201 1115 355 1186 propterea
367 1109 431 1185 quia
442 1109 485 1166 vis
496 1116 624 1184 magnast
635 1107 742 1186 ipsius,
755 1115 785 1167 et
795 1104 852 1167 alte

135 1200 186 1252 325
200 1199 266 1252 aera
276 1210 330 1271 per
340 1209 441 1271 purum
452 1193 576 1269 graviter
588 1190 738 1252 simulacra
748 1189 877 1250 feruntur

200 1287 229 1336 et
240 1276 344 1336 feriunt
355 1275 473 1353 oculos,
486 1275 624 1335 turbantia
636 1276 850 1355 compositurus.

199 1369 350 1439 praeterea
361 1358 498 1438 splendor
513 1360 682 1438 quicumque
695 1369 740 1420 est
750 1377 818 1419 acer
828 1356 918 1418 adurit
984 1421 991 1427 ,

200 1462 290 1521 saepe
301 1442 403 1503 oculos
416 1442 482 1502 ideo
495 1443 571 1520 quod
583 1446 689 1503 semina
702 1441 833 1523 possidet
845 1443 919 1521 ignis

199 1526 303 1604 multa,
320 1526 448 1587 dolorem
460 1524 552 1587 oculis
564 1545 637 1605 quae
649 1529 767 1606 gignunt
778 1525 954 1587 insinuando.

136 1619 188 1674 330
201 1611 289 1671 lurida
302 1620 451 1690 praeterea
463 1611 531 1671 fiunt
542 1629 738 1689 quaecumque
749 1619 863 1671 tuentur

201 1697 325 1775 arquati,
342 1697 407 1774 quia
417 1694 520 1755 luroris
533 1694 568 1756 de
581 1712 703 1774 corpore
715 1713 813 1756 eorum

201 1782 308 1842 semina
318 1779 405 1839 multa
417 1779 506 1839 fluunt
515 1779 672 1841 simulacris
685 1779 890 1856 obviarem,

200 1863 342 1945 multaque
353 1873 417 1925 suut
431 1863 523 1926 oculis
534 1866 562 1925 in
577 1882 674 1926 eorum
686 1864 808 1943 denique
819 1865 921 1941 mixta,

201 1968 274 2029 quae
293 1958 415 2027 contage
427 1967 478 2010 sua
489 1947 646 2028 palloribus
659 1951 750 2008 omnia
760 1949 889 2027 pingunt.

139 2041 190 2094 333
203 2053 219 2093 c
233 2033 361 2094 tenebris
372 2041 466 2092 autem
481 2041 629 2110 quaesunt
642 2035 669 2091 in
679 2031 746 2092 luce
757 2042 869 2092 tuemur

200 2126 354 2196 propterea
368 2117 447 2193 quia,
461 2133 524 2175 eum
536 2117 655 2194 propior
665 2114 793 2192 caliginis
805 2121 856 2174 abr

201 2210 263 2258 ater
278 2201 328 2259 init
340 2198 441 2260 oculos
454 2201 532 2279 prior
543 2209 572 2259 et
583 2199 713 2278 possedit
726 2209 860 2278 apertos,

201 2285 359 2366 insequitur
371 2283 494 2344 candens
507 2283 657 2345 confestim
667 2282 779 2344 lucidus
794 2290 862 2361 aer,

204 2369 252 2449 qui
265 2370 345 2447 quusi
357 2379 458 2449 purgat
470 2386 522 2429 eos
534 2387 568 2428 ac
579 2370 675 2446 nigras
687 2367 802 2429 discutit
812 2367 925 2428 umbras

135 2461 187 2514 340
204 2454 278 2514 ae'ris
293 2452 383 2513 illius:
396 2472 458 2513 nam
470 2453 564 2514 multis
575 2453 701 2531 partibus
713 2451 760 2512 hic
774 2462 819 2513 est

202 2535 334 2598 mobilior
345 2538 499 2615 multisque
509 2538 641 2596 minutior
655 2546 684 2597 et
695 2554 777 2614 muge
789 2534 903 2615 pollens

201 2624 248 2701 qui
260 2620 342 2682 simul
354 2630 438 2700 atque
454 2623 515 2680 vias
529 2619 676 2679 oculorum
687 2618 755 2679 luce
769 2618 892 2699 replevit

200 2714 286 2782 atque
300 2704 453 2782 patefecit,
467 2721 536 2780 quas
552 2713 617 2763 ante
631 2702 783 2764 obsederat
799 2709 850 2764 abr

200 2798 278 2865 ater,
292 2789 425 2848 continuo
437 2805 531 2846 rerum
545 2786 695 2848 simulacra
708 2797 860 2865 secuntur,

137 2879 189 2933 345
201 2890 274 2951 quae
286 2873 339 2931 sita
350 2881 415 2931 sunt
426 2873 454 2930 in
464 2870 548 2948 luce,
560 2870 763 2949 lacessuntque
774 2881 804 2932 ut
821 2872 975 2934 videamus.

201 2955 277 3036 quod
290 2965 387 3016 contra
399 2955 496 3015 facere
507 2957 535 3014 in
546 2956 674 3016 tenebris
686 2975 703 3016 e
715 2955 781 3016 luce
792 2958 942 3036 nequimus

200 3050 354 3120 propterea
366 3042 429 3119 quia
440 3041 583 3118 posterior
596 3038 724 3118 caliginis
736 3046 786 3098 abr

202 3126 325 3185 crassior
337 3127 512 3201 insequitur,
525 3126 571 3202 qni
583 3133 690 3184 cuncta·
696 3125 830 3184 foramina
842 3124 970 3204 complet

202 3208 363 3287 obsiditque
374 3210 434 3268 vias
446 3207 611 3286 oculorum,
623 3228 660 3268 ne
673 3206 821 3268 simulacra

137 3301 189 3354 330
202 3295 312 3372 possint
325 3291 444 3352 ullarum
455 3305 550 3352 rerum
563 3294 693 3352 coniecta
704 3309 830 3352 movere.

201 3374 407 3456 quadratasquc
419 3375 521 3456 procul
532 3378 617 3437 turris
629 3394 693 3436 cum
704 3378 844 3439 cernimus
855 3376 951 3456 urbis,

200 3471 355 3541 propterea
366 3460 395 3520 lit
407 3461 446 3520 nti
458 3459 606 3520 videantur·
614 3478 702 3539 saepe
715 3459 865 3539 rutundam,
