2288 3886
518 208 533 269 I

72 382 110 438 oto
120 378 179 458 quid
189 386 332 457 nequeat,
346 377 421 438 finita
434 386 563 456 potestas
576 377 699 457 denique
712 380 815 458 suique

118 479 229 542 qmnam
240 463 278 522 sit
288 463 398 523 ratione
413 470 498 540 atque
510 459 566 521 alte
579 464 714 524 terminus
726 462 864 542 haerens,

116 565 166 607 neo
176 548 282 608 totiens
296 554 417 625 possent
429 547 586 623 generatim
599 545 695 606 saecla
707 547 817 607 referre

114 639 235 691 naturam
246 647 342 690 mores
353 631 459 690 vietum
471 638 622 708 motusque
634 640 789 707 parentum.

151 714 222 773 Tum
232 731 319 792 pomo
334 713 475 792 quodiam
487 722 533 774 est
546 723 703 774 extremum
715 713 849 794 quodque
861 732 997 778 cacumen

63 807 100 861 too
110 800 237 878 eorporis
248 796 352 874 ullius,
369 796 445 875 qnod
458 798 547 857 nostri
559 815 679 858 eernere
691 817 793 860 sensus

111 884 162 943 iam
172 891 336 961 nequeunt,
348 880 393 957 id,
408 882 551 957 nimirum,
565 882 626 942 sine
640 882 764 960 partibus
778 892 855 944 extat

112 977 140 1027 et
150 968 262 1026 minima
277 974 387 1026 constat
399 974 512 1042 natura,
525 983 581 1025 neo
592 964 643 1025 fuit
655 985 784 1045 umquam

109 1069 163 1130 per
173 1071 206 1112 se
220 1058 364 1112 secretum
375 1067 469 1127 neque
485 1048 605 1126 posthae
617 1068 684 1111 esse
695 1050 817 1128 valebit,

109 1135 226 1195 alterius
239 1135 398 1213 quoniamst
410 1135 502 1212 ipsum
514 1151 599 1211 pars,
615 1135 760 1213 primaque
773 1144 802 1194 et
817 1153 871 1195 una

64 1231 96 1282 05
107 1219 173 1280 inde
184 1218 257 1278 aliae
269 1227 355 1296 atque
366 1216 438 1276 aliae
450 1216 557 1277 similes
570 1235 608 1277 ex
621 1217 718 1278 ordine
731 1227 828 1296 partes

110 1304 221 1381 agmine
235 1301 381 1363 oondenso
393 1309 518 1361 naturam
531 1304 660 1380 corporis
674 1303 808 1381 explent3

109 1405 182 1466 quae
194 1387 325 1466 qnoniam
335 1404 388 1464 per
400 1403 433 1446 se
444 1395 589 1463 nequeunt
602 1396 750 1464 donatore,
763 1397 917 1452 necessest

108 1471 230 1532 haerere
240 1468 315 1529 unde
328 1478 431 1548 queant
442 1468 518 1529 nulla
528 1471 636 1530 ratione
648 1470 759 1531 revelli.

108 1565 175 1616 sunt
186 1556 272 1633 igitur
283 1552 374 1615 solida
388 1554 538 1631 primordia
549 1553 746 1634 simplicitate,

63 1653 97 1703 to
108 1657 181 1718 quae
193 1639 312 1697 minimis
325 1639 428 1716 stipata
441 1637 595 1698 oohaerent
607 1639 732 1716 partibus
744 1650 821 1719 ante,

108 1741 167 1784 non
179 1741 217 1784 ex
228 1721 352 1782 allorum
364 1732 505 1782 conventu
518 1721 683 1800 conciliata,

109 1808 162 1870 sed
174 1809 263 1884 magis
275 1816 390 1867 aetemn
402 1804 539 1884 pollentia
551 1805 749 1884 simplicitate,

110 1890 185 1952 unde
195 1909 291 1970 neque
303 1889 388 1950 avelli
401 1891 551 1969 quiequam
562 1907 656 1967 neque
668 1890 790 1950 deminui
802 1892 855 1950 iam

112 1974 246 2037 oonoedit
259 1983 356 2047 natura
366 1992 518 2034 reservans
530 1973 743 2047 seminarebus.

64 2073 99 2133 15
112 2068 262 2140 praeterea
273 2060 327 2119 nisi
339 2060 392 2119 enit
402 2060 559 2136 minimum,
573 2059 738 2136 parvissima
750 2078 882 2139 quaeque

111 2161 232 2222 corpora
244 2144 413 2204 constabunt
428 2161 465 2203 ex
480 2144 606 2222 partibus
618 2145 747 2215 infinitis;

111 2231 219 2308 quippe
231 2227 279 2288 ubi
291 2226 420 2287 dimidiae
432 2229 519 2305 panis
534 2244 599 2307 pars
609 2247 725 2307 semper
734 2229 851 2290 habebit

110 2312 250 2373 dimidiam
261 2321 387 2390 partem,
400 2329 457 2371 neo
467 2330 515 2372 res
527 2312 677 2391 praefiniet
688 2311 754 2372 ulla.

111 2414 182 2475 engo
194 2413 289 2455 nerum
300 2397 374 2457 inter
385 2412 519 2456 summam
532 2396 728 2473 minimamque
741 2395 808 2473 quid
820 2392 914 2456 esoit?

64 2491 100 2545 20
111 2480 149 2540 nil
162 2482 214 2540 enit
228 2489 258 2539 ut
270 2479 371 2540 distet:
383 2498 446 2539 narn
458 2480 585 2558 quamvis
595 2477 719 2538 funditus
734 2481 823 2538 omnis

110 2581 217 2626 summa
228 2565 265 2624 sit
276 2564 398 2642 infinita,
411 2574 520 2641 tamen,
534 2565 700 2642 parvissima
713 2580 785 2642 quae
797 2571 878 2642 sunt,

111 2667 148 2710 ex
159 2647 274 2709 infinitis
287 2649 455 2710 constabunt
465 2648 592 2726 partibus
603 2666 705 2727 aeque.

111 2731 329 2812 quodquoniam
340 2734 411 2793 rado
422 2731 557 2792 reclamat
568 2751 636 2792 vera
648 2743 792 2813 negatque

112 2816 233 2878 eredere
244 2831 333 2895 posse
345 2818 481 2894 animum,
494 2818 588 2877 vietus
599 2816 707 2878 fateare
719 2826 874 2879 necessest

63 2908 98 2963 dd
110 2918 177 2962 esse
189 2918 224 2959 ea
237 2918 308 2979 quae
320 2899 404 2960 nullis
417 2901 469 2959 iam
481 2901 608 2979 praedita
622 2902 750 2979 partibus
763 2911 861 2962 extent

110 2993 140 3044 et
149 2985 261 3043 minima
274 2993 405 3045 constent
417 2993 521 3045 natum.
535 3002 607 3064 quae
622 2988 752 3064 qnoniam
763 2994 844 3062 sunt,

109 3066 159 3128 illa
171 3085 286 3148 quoque
299 3087 366 3129 esse
378 3069 429 3128 tihi
440 3067 532 3130 solida
543 3079 628 3147 atque
640 3078 755 3131 aeterna
767 3069 919 3130 fatendum,

111 3150 234 3231 denique
246 3153 273 3210 ni
285 3153 410 3213 minimas
421 3154 450 3211 in
462 3154 550 3230 partis
561 3162 664 3237 cuneta
676 3154 785 3215 resolvi

112 3254 219 3314 eogere
232 3246 403 3298 consuesset
414 3255 508 3296 rerum
519 3245 616 3297 natura
629 3240 767 3315 oreatnix,

63 3326 100 3383 do
109 3321 163 3380 iam
173 3318 212 3380 nil
224 3337 262 3380 ex
272 3318 329 3380 iliis
345 3319 444 3381 eadem
459 3338 591 3400 reparare
603 3319 712 3382 valeret

109 3414 265 3484 propterea
275 3407 357 3483 quin,
369 3423 441 3483 quae
453 3403 547 3465 multis
560 3412 625 3464 sunt
638 3405 766 3483 partibus
777 3415 878 3485 aneta,

109 3502 166 3554 non
179 3499 303 3568 possunt
314 3506 348 3549 ea
360 3506 433 3567 quae
445 3489 533 3550 debet
545 3489 678 3566 genitalis
689 3489 797 3550 habere
855 3563 857 3567 .

67 3572 225 3633 Luemnms.
862 3573 889 3632 ἢ.
