2288 3886
534 215 574 276 tt

149 384 239 444 multa
251 393 343 442 meant
354 384 465 442 inimica
477 400 529 462 per
539 385 631 460 auris,
645 383 730 443 multa
744 403 798 463 per
810 385 887 464 ipsas

150 470 289 528 insinuant
300 468 374 526 uraris
386 466 488 526 infesta
500 476 585 545 atque
597 483 698 543 aspera
710 468 826 545 adactu,

150 569 206 612 nec
217 560 280 612 sunt
293 549 379 609 multa
390 568 488 628 parum
501 560 576 610 tactu
587 550 698 610 vitanda
711 569 804 629 neque
816 562 908 612 autem

83 641 140 700 780
149 643 268 714 aspectu
285 633 418 711 fugienda
430 650 591 711 saporeque
603 635 693 693 tristia
705 652 776 712 quae
789 637 854 696 siut.

191 717 301 778 Deinde
313 718 410 777 videre
423 717 492 776 licet
506 734 588 795 quam
597 717 701 778 multae
712 720 767 778 siut
779 717 883 778 homini
895 736 943 778 res

150 804 253 861 acriter
264 800 384 861 iulestcc
396 819 481 860 sensu
494 818 674 879 spurcaeque
686 818 862 880 gravesque3

151 885 298 945 arboribus
310 885 428 962 primum
443 887 528 945 certis
540 886 634 960 gravis
646 885 743 944 umbra
754 887 856 946 tributa

151 986 242 1047 usque
254 968 343 1044 adeo,
357 968 456 1045 capitis
468 966 570 1027 iaciant
581 978 611 1028 ut
623 986 711 1046 saepe
725 967 858 1045 dolores,

85 1059 139 1116 ⁷85
151 1054 239 1131 siquis
251 1069 300 1111 eas
311 1061 410 1129 supter
424 1052 508 1110 iacuit
519 1061 676 1130 prostratus
689 1055 716 1110 in
729 1052 833 1112 herbis.

151 1145 194 1196 est
206 1137 289 1195 etiam
300 1136 407 1211 magnis
419 1133 565 1195 Heliconis
577 1136 718 1196 montibus
730 1136 814 1195 arbos

150 1220 226 1279 doris
238 1219 327 1278 odore
338 1218 478 1277 hominem
489 1227 580 1279 taetro
592 1228 728 1279 consueta
738 1237 850 1280 necare.

150 1303 278 1379 scilicet,
291 1302 363 1361 haec
375 1301 440 1360 idco
452 1304 535 1361 terris
547 1320 585 1361 ex
596 1304 686 1362 omnia
698 1312 817 1381 surgunt

149 1386 234 1446 multa
245 1386 336 1445 modis
348 1384 442 1445 multis
456 1385 603 1444 multarum
615 1387 720 1446 semina
731 1405 843 1464 rerum,

87 1478 141 1533 790
152 1470 226 1548 quod
238 1471 375 1548 permixta
386 1471 460 1545 gerit
472 1468 557 1529 tellus
569 1468 750 1548 discreteque
761 1471 852 1531 tradit.

149 1562 372 1631 nocturnumque
387 1570 490 1612 recens
503 1554 657 1612 extinctum
668 1552 762 1614 lumen
776 1555 824 1614 ubi
837 1556 894 1616 aeri

148 1637 247 1697 nidore
259 1635 375 1696 offendit
387 1653 486 1713 nares,
500 1638 632 1715 consopit
643 1636 748 1698 ibidem

149 1721 301 1781 concidere
315 1729 343 1780 et
356 1737 470 1798 spumas
484 1721 530 1797 qui
541 1720 640 1779 morbo
652 1723 763 1781 mittere
776 1723 877 1781 suevit.

150 1813 338 1882 castoreoque
350 1804 430 1880 gravi
440 1801 543 1861 mulier
552 1805 644 1880 sopita
656 1807 812 1880 recumbit,

83 1894 136 1951 795
149 1898 177 1947 et
188 1888 314 1947 manibus
325 1887 440 1946 nitidum
453 1887 558 1945 teneris
575 1902 646 1963 opus
658 1885 748 1946 ellluit
760 1889 804 1963 ei,

148 1981 277 2048 tempore
290 1989 326 2030 eo
338 1974 361 2030 si
374 1969 516 2030 odoratast
529 1986 584 2047 quo
597 1979 738 2029 menstrua
750 1969 844 2030 solvit.

147 2054 290 2133 multaque
302 2065 451 2133 praeterea
462 2053 622 2130 languentia
632 2053 757 2121 membra
768 2072 820 2132 per
832 2066 907 2117 artus

150 2137 264 2199 solvunt
279 2147 363 2216 etque
375 2139 491 2197 animam
506 2136 676 2196 labefactant
688 2137 805 2199 sedibus
816 2140 899 2201 intus.

149 2220 271 2300 denique
281 2223 305 2282 si
318 2220 415 2280 calidis
429 2222 512 2279 etiam
526 2229 659 2280 cunctare
671 2219 792 2281 lavabris

80 2313 136 2368 800
147 2304 259 2384 plenior
269 2315 298 2365 et
309 2303 431 2380 laveris,
444 2302 517 2363 solio
530 2302 666 2367 ferventis
678 2306 758 2381 aquai

148 2406 230 2467 quam
244 2385 329 2448 facile
341 2389 369 2447 in
380 2386 473 2446 medio
486 2387 515 2446 lit
530 2389 570 2445 uti
584 2385 635 2446 des
650 2404 738 2465 saepe
751 2389 859 2449 ruinas!

150 2471 359 2548 carbonumque
371 2472 465 2548 gravis
477 2472 520 2529 vis
533 2479 617 2549 atque
631 2469 702 2528 odor
712 2472 866 2532 insinuatur

149 2573 230 2634 quam
242 2553 325 2614 facile
338 2555 366 2613 in
377 2554 543 2630 cerebrum,
555 2555 608 2612 nisi
621 2571 720 2631 aquam
732 2558 929 2635 praecepimus
941 2556 1020 2619 aute!

146 2647 175 2698 at
190 2656 253 2697 cum
263 2638 387 2697 membra
400 2637 499 2697 domus
511 2637 642 2715 percepit
653 2636 789 2697 fervidior
802 2641 864 2716 vis,

81 2729 136 2784 805
148 2730 205 2781 tum
217 2722 247 2781 lit
259 2721 330 2780 odor
340 2723 391 2780 viri
403 2720 504 2798 plagae
516 2720 671 2781 mactabilis
684 2722 778 2781 instar.

148 2822 240 2865 nonne
252 2803 332 2864 vides
345 2806 427 2865 etiam
438 2814 512 2864 terra
524 2822 637 2882 quoque
650 2805 748 2883 sulpur
760 2807 786 2864 in
798 2808 859 2885 ipsa

148 2890 259 2965 gignier
274 2897 303 2948 et
315 2897 407 2948 taetro
420 2904 611 2947 concrescere
624 2888 712 2947 odore
724 2887 863 2955 bitumen:

148 2970 269 3051 denique
281 2972 328 3031 ubi
343 2972 451 3049 argenti
462 2989 550 3030 venas
562 2972 678 3047 aurique
691 2981 843 3047 secuntur,

146 3057 231 3114 terrai
242 3057 354 3134 penitus
366 3063 526 3116 scrutantes
537 3052 629 3113 abdita
640 3052 734 3129 ferro,

82 3143 137 3199 810
148 3137 239 3217 qualis
252 3140 364 3217 expiret
374 3136 561 3217 Scaptensula
575 3137 674 3197 subter
685 3133 809 3196 odores?

149 3221 252 3300 quidve
264 3220 327 3282 mali
341 3223 370 3281 lit
382 3231 411 3281 ut
425 3219 558 3280 exhalent
568 3229 661 3280 aurata
673 3218 798 3279 metalla!

149 3323 218 3383 quas
231 3305 372 3365 bominum
383 3304 502 3364 reddunt
514 3303 603 3363 iacies
616 3301 763 3381 qualisque
776 3302 906 3362 colores!

148 3406 241 3449 noune
255 3389 335 3449 vides
346 3387 462 3448 audisve
476 3389 569 3466 perire
582 3388 749 3464 intempore
761 3403 849 3466 parvo

149 3491 230 3551 quam
242 3472 368 3551 soleant,
381 3481 409 3532 et
422 3489 502 3550 quam
513 3471 579 3530 vitai
592 3471 674 3549 copia
688 3469 777 3548 desit,
