2288 3886
113 203 175 267 114
588 203 628 262 lv

198 391 280 452 quam
292 370 370 430 daret
382 370 526 429 obiectum
536 373 640 449 parmai
651 372 732 432 laeva
741 391 796 452 per
806 381 903 432 artem.

131 468 183 522 815
197 456 326 531 55111555,
340 463 369 513 55
381 452 489 514 fessum
501 470 606 532 corpus
617 455 747 515 mandare
760 457 849 535 quieti

195 539 283 600 multo
294 539 434 616 antiquius
446 547 491 598 est
503 556 585 615 quam
595 537 663 598 lecti
677 538 772 600 mollia
784 549 887 616 strata,

196 634 225 685 55
236 624 337 685 sedare
351 623 424 681 sitim
436 623 513 699 prius
526 630 571 682 est
583 640 664 701 quam
674 623 778 702 555515
789 633 891 683 natum.

194 708 268 768 haec
278 707 363 783 igitur
373 714 494 784 possunt
506 705 602 765 utendi
614 709 727 784 cognita
739 725 823 767 55555

197 792 325 865 credier,
336 807 373 848 ex
383 808 436 849 usu
452 807 523 867 quae
536 798 600 849 sunt
610 792 724 869 vitaque
736 799 858 871 reperta.

133 875 243 941 8501115
255 873 368 953 quidem
380 890 509 933 seorsum
520 882 584 933 5555
596 876 702 951 omnia,
715 893 788 952 quae
799 874 877 953 prius
889 876 951 953 ipsa

196 967 260 1019 5555
272 956 377 1018 dedere
388 974 456 1016 suae
472 967 539 1035 post
549 959 674 1018 notitiam
684 958 817 1019 utilitatis.

197 1059 253 1122 quo
265 1058 373 1119 genere
384 1043 411 1099 in
424 1041 520 1120 primis
534 1060 636 1102 sensus
649 1050 678 1101 et
690 1042 813 1102 membra
824 1041 967 1109 videmus;

198 1144 284 1205 quare
294 1127 378 1186 etiam
392 1134 477 1204 atque
490 1127 573 1184 etiam
585 1124 686 1204 procui
697 1134 742 1186 est
753 1134 784 1184 ut
796 1125 915 1186 credere
930 1126 1027 1204 possis

196 1210 322 1270 utilitatis
335 1208 372 1268 ob
384 1207 509 1268 officinm
518 1211 648 1288 potuisse
663 1210 761 1269 creari.
778 1207 791 1292 Η

135 1305 185 1359 855
233 1293 245 1373 Η
261 1292 334 1353 111551
346 1293 413 1352 item
424 1310 480 1352 non
492 1302 537 1353 est
550 1293 721 1371 mirandum,
735 1295 864 1374 corporis
877 1295 940 1373 ipsa

197 1377 272 1458 quod
283 1387 379 1436 notura
391 1377 484 1436 cibum
496 1379 604 1456 quaerit
616 1378 752 1455 cuiusque
764 1379 917 1438 animantis.

197 1464 303 1541 quippe
316 1461 420 1520 etenim
431 1459 520 1520 115555
531 1470 616 1539 atque
628 1460 768 1520 recedere
781 1478 901 1540 corpora
911 1463 1000 1523 rebus

196 1544 282 1604 multa
292 1542 382 1603 modis
394 1541 488 1604 multis
500 1543 601 1622 docui,
614 1543 666 1604 sed
676 1544 795 1623 51551555
807 1545 912 1605 debent

197 1648 235 1690 ex
245 1626 418 1696 animalibu’;
433 1643 511 1705 quoe
523 1630 588 1707 quia
598 1637 663 1689 sunt
674 1631 800 1689 exercita
810 1637 903 1706 motu,

134 1723 187 1778 860
198 1712 284 1772 multa
294 1729 347 1791 per
355 1729 388 1771 os
400 1710 582 1790 exhalantur,
597 1730 661 1773 cnm
671 1710 802 1790 languida
810 1712 957 1790 anhelant,

196 1794 341 1874 multaque
352 1814 405 1874 per
416 1796 549 1856 sudorem
559 1815 598 1856 ex
608 1796 666 1857 5155
677 1815 779 1877 555555
788 1798 923 1857 feruntur.

197 1882 241 1942 bis
253 1882 338 1958 igitur
348 1880 434 1940 rebus
445 1882 564 1940 rarescit
576 1899 681 1960 corpus
693 1890 722 1941 et
733 1883 823 1941 omnis
911 1883 913 1889 '

198 1966 340 2027 subruitur
349 1973 460 2033 natura;
473 1963 555 2024 dolor
567 1982 649 2043 quam
660 1965 845 2044 consequitur
855 1983 924 2024 rem.

198 2058 351 2129 propterea
363 2050 472 2127 capitur
483 2048 563 2108 cibus
574 2093 582 2124 ‚
595 2058 625 2107 ut
636 2047 776 2108 5511515155
789 2059 865 2109 artus

133 2144 184 2198 865
197 2143 226 2193 55
237 2140 353 2191 5555555
363 2133 439 2190 51555
451 2123 621 2208 interdatur,
635 2142 719 2209 atque
731 2141 874 2211 patentem

198 2233 251 2296 per
265 2214 433 2274 membrano
444 2231 531 2275 venas
542 2223 573 2275 55
585 2233 708 2275 amorem
720 2225 834 2294 opturet
846 2216 957 2278 edendi.

198 2316 279 2359 umor
289 2299 357 2358 item
368 2298 488 2359 discedit
499 2300 527 2357 15
539 2301 629 2360 omnin
644 2318 717 2379 quae
729 2298 793 2360 1555
805 2319 925 2380 cumque

199 2391 323 2463 poscunt
332 2381 696 2463 umorem:glonrerataque
707 2383 793 2444 multa
804 2387 918 2463 vaporis

98 2472 104 2485 ’
200 2485 338 2548 corpora,
352 2485 424 2546 quae
436 2467 583 2527 stomacho
594 2469 733 2547 praebent
744 2467 873 2527 incendia
884 2478 999 2546 nostro,

135 2561 188 2617 870
199 2552 326 2630 dissupat
336 2550 490 2611 adveniens
501 2550 595 2630 liquor
604 2570 639 2611 55
649 2554 799 2629 restinguit
809 2562 839 2612 ut
851 2555 961 2630 ignem,

200 2652 283 2696 urere
294 2653 330 2693 ne
341 2636 433 2713 possit
445 2632 524 2693 calor
534 2634 652 2713 amplius
664 2635 756 2695 aridus
767 2644 852 2696 artus.

200 2721 243 2780 sio
255 2720 340 2795 igitur
350 2718 400 2777 tibi
411 2716 510 2777 5515515
522 2719 583 2778 51515
595 2717 630 2778 de
644 2736 766 2799 corpore
778 2729 876 2780 nostro

200 2802 336 2877 abluitur,
350 2802 392 2860 515
404 2799 535 2879 expletur
546 2803 638 2861 ieiuna
648 2803 759 2882 cupido.
777 2802 790 2889 ΙΙ

241 2883 324 2945 Nunc
336 2886 383 2962 qui
394 2885 440 2944 1155
451 2887 491 2944 551
502 2903 604 2964 555555
616 2887 748 2965 proferre
760 2905 911 2967 queamus,

133 2968 422 3045 875555550151555,
435 2971 571 3048 varieque
583 2969 675 3030 datum
686 2972 722 3030 sit
736 2971 860 3030 membra
871 2988 1004 3048 morere,

191 3063 230 3121 ,55
242 3073 314 3132 quae
326 3071 373 3114 res
385 3061 490 3112 tanturn
500 3053 556 3114 hoc
572 3056 667 3114 oneris
680 3055 849 3132 protrudere
859 3056 949 3114 nostri

202 3140 331 3217 corporis
342 3139 475 3216 insuerit,
489 3137 592 3198 dicam:
606 3148 636 3199 tu
649 3141 769 3217 percipe
781 3138 863 3198 dicta.

204 3221 269 3281 dico
281 3224 372 3281 animo
382 3231 481 3282 nostro
492 3223 610 3300 primurn
622 3221 770 3282 simulacra
781 3221 891 3281 meandi

202 3304 336 3364 accidere
348 3313 433 3382 atque
444 3307 563 3366 animum
576 3304 707 3384 pulsare,
719 3315 750 3365 ut
762 3305 881 3365 diximus
893 3316 967 3366 ante.

135 3389 266 3450 88015515
278 3387 407 3448 voluntas
419 3388 463 3448 dt:
474 3407 569 3468 neque
581 3392 654 3449 enim
666 3389 762 3448 155555
774 3391 872 3467 incipit
883 3389 967 3449 511555

201 3491 260 3532 rem
273 3474 436 3553 quisquam,
451 3489 542 3550 quom
553 3490 632 3533 mens
644 3473 766 3552 providit
778 3473 844 3552 quid
854 3472 924 3534 velit
937 3483 1002 3533 5555
