2288 3886
117 163 159 228 48
606 160 634 221 ll

202 331 327 410 vagitum
339 333 367 391 in
380 328 466 392 Crete
479 327 619 410 quondam
632 326 797 390 occultasse
809 328 940 391 feruntur

28 413 31 417 ’
139 426 191 482 635
206 433 270 476 eum
281 417 363 495 pueri
377 415 484 475 circum
494 430 614 493 puerum
624 413 743 492 pernice
755 411 862 475 chorea

204 501 300 561 armati
308 500 337 559 in
348 515 494 559 numerum
505 496 653 576 pulsarent
666 496 780 558 neribus
791 514 874 576 nera,

203 602 240 644 ne
252 583 388 644 Saturnus
402 600 466 644 eum
480 580 560 642 malis
573 581 715 642 mandaret
727 579 847 661 adeptos

204 677 408 747 aeternumque
420 665 500 727 daret
510 667 590 726 matri
602 665 655 725 sub
665 672 786 745 pectore
800 665 913 727 volnus.

142 761 194 818 640
206 760 362 832 propterea
374 767 501 829 magnam
512 759 629 811 matrem
643 750 738 810 armati
750 752 936 836 comitantur,

205 844 252 898 aut
264 837 328 914 quia
341 835 500 914 significant
510 834 602 894 divam
616 832 784 913 praedicere
798 844 828 896 ut
840 837 923 897 armis
990 902 998 909 ,

205 938 240 981 ae
250 922 354 981 virtute
365 918 453 981 velint
464 919 580 997 patriam
596 916 752 978 defendere
765 926 887 998 terram,

205 1004 405 1085 praesidioque
416 1010 516 1083 parent
528 1001 684 1080 decorique
695 1003 859 1081 parentibus
871 1022 949 1066 esse.

206 1106 279 1168 quae
291 1089 366 1149 bene
378 1096 407 1148 et
419 1088 522 1147 eximie
535 1087 660 1164 quemvis
672 1085 800 1166 disposta
812 1086 957 1168 leuantur,

143 1181 194 1238 645
206 1172 294 1250 longe
307 1180 371 1234 sunt
382 1181 476 1232 tamen
489 1189 504 1230 a
518 1188 587 1231 vera
596 1171 705 1231 ratione
715 1169 840 1250 repulsa.

207 1259 296 1317 omnis
309 1257 384 1316 enim
398 1273 452 1335 per
462 1274 495 1316 se
507 1253 601 1314 divom
613 1263 712 1316 natura
722 1265 875 1317 necessest

206 1338 345 1401 inmortali
357 1356 429 1400 aevo
442 1356 548 1400 summa
560 1355 623 1398 cum
638 1356 711 1418 paee
726 1338 833 1400 fruatur

207 1433 317 1486 semota
327 1423 363 1483 ab
376 1425 481 1483 nostris
493 1423 579 1483 rebus
592 1425 778 1502 seiunctaque
792 1422 896 1502 longe:

206 1527 269 1569 nam
283 1508 392 1587 privata
403 1505 503 1568 dolore
519 1507 610 1584 omiti,
623 1508 732 1586 privata
743 1507 881 1587 periclis,

144 1603 197 1657 656
210 1594 272 1671 ipsa
282 1591 341 1652 suis
354 1589 468 1670 pollens
481 1591 600 1669 opibus,
613 1590 653 1650 nil
661 1591 756 1669 indign
766 1595 872 1668 nostri,

207 1694 262 1736 nec
274 1674 348 1736 bene
360 1676 521 1754 promeritis
533 1677 644 1753 capitur
658 1693 753 1754 neque
768 1678 890 1754 tangitur
903 1677 955 1740 ire.

207 1771 283 1822 terre
293 1757 406 1839 quidem
417 1775 488 1819 vero
501 1767 579 1819 caret
592 1761 806 1838 omnitempore
818 1779 922 1838 sensu,

209 1853 238 1905 et
254 1845 319 1922 quia
331 1842 479 1903 multarum
490 1844 597 1924 potitur
610 1843 761 1923 primordia
771 1862 882 1924 renim,

207 1928 294 1988 multa
305 1925 396 1988 modis
409 1927 503 1989 multis
516 1927 599 1989 ellert
611 1929 639 1987 in
653 1928 756 1989 lumina
766 1928 846 1990 solis.

143 2023 194 2077 655
207 2013 255 2074 hic
267 2012 357 2090 siquis
371 2028 447 2072 mare
463 2010 626 2092 Neptunum
638 2010 832 2092 Cereremque
844 2031 950 2075 vocare

208 2096 353 2158 constitnit
368 2093 467 2171 fruges
479 2105 508 2155 et
520 2094 624 2156 Bacchi
640 2097 752 2156 nomine
764 2096 840 2158 abuti

207 2178 313 2240 mavolt
324 2195 407 2258 quam
418 2178 510 2240 laticis
522 2182 667 2260 proprium
679 2180 809 2261 proferre
820 2199 977 2262 vocamen,

209 2261 399 2326 concedamus
411 2272 441 2325 nt
452 2263 499 2325 hic
511 2273 646 2327 terrarum
657 2264 767 2328 dictitet
781 2267 880 2327 orbem

208 2368 276 2412 esse
291 2348 375 2411 deum
386 2357 518 2426 matrem,
531 2348 595 2410 dnm
606 2368 675 2411 vera
684 2368 716 2410 re
728 2358 821 2411 tamen
833 2351 897 2430 ipse

143 2442 196 2498 666
209 2433 350 2512 religione
366 2435 485 2494 animum
496 2436 571 2515 turpi
583 2436 750 2512 contingere
764 2443 870 2514 pareat.

249 2520 343 2598 Saepe
356 2521 451 2598 itaque
466 2537 504 2578 en
516 2536 571 2580 uno
584 2518 735 2580 tondentes
746 2520 871 2596 gramina
883 2537 983 2600 campo

207 2603 352 2680 lanigerae
363 2602 492 2680 pecudes
504 2611 534 2661 et
545 2620 681 2681 equomm
693 2602 815 2664 duellica
830 2602 929 2684 proles

206 2687 398 2763 buceriaeque
411 2703 518 2765 greges
531 2686 633 2747 eodem
645 2687 698 2748 sub
712 2690 837 2765 tegmine
849 2686 922 2749 caeli

207 2788 244 2830 ex
254 2786 369 2847 unoque
381 2771 456 2830 sitim
467 2768 601 2832 sedantes
614 2771 727 2832 flumine
739 2773 820 2852 aquai

142 2863 193 2918 665
206 2853 335 2914 dissimili
346 2855 444 2914 vivont
454 2857 570 2934 specie,
587 2858 767 2936 retinentque
779 2866 928 2937 parentum

205 2946 331 2998 naturam
346 2948 375 2998 et
387 2956 483 3000 mores
494 2943 651 3017 generatim
663 2959 794 3021 quaeque
805 2943 956 3003 imitantur.

205 3030 282 3084 tanta
293 3030 355 3101 est,
369 3023 398 3081 in
409 3026 509 3102 quovis
521 3043 629 3102 genere
644 3026 768 3102 herbae,
780 3027 906 3088 materiai

205 3106 349 3168 dissimilis
360 3109 448 3186 ratio,
463 3117 539 3169 tenta
549 3118 594 3171 est
605 3112 632 3169 in
645 3109 758 3171 llumine
770 3129 894 3191 quoque.

204 3190 271 3251 hinc
285 3208 372 3271 porro
386 3193 512 3271 quamvis
525 3196 690 3255 animantem
701 3211 740 3255 ex
750 3194 880 3256 omnibus
893 3213 976 3255 unam

140 3282 192 3338 676
205 3293 272 3336 ossa
286 3293 370 3338 cruor
380 3295 470 3339 venae
482 3278 561 3340 color
572 3296 652 3340 umor
662 3281 775 3340 viscera
786 3283 867 3341 nervi

206 3362 396 3440 constituunt,
410 3380 482 3442 quae
494 3372 560 3424 sunt
570 3379 657 3443 porro
672 3364 802 3424 distantia
813 3363 920 3442 longe,

204 3443 332 3504 dissimili
347 3446 477 3525 perfecta
489 3448 578 3526 ligura
588 3449 799 3529 principiomm.
