2288 3886
545 187 573 247 V

155 351 196 429 qui
205 351 313 411 ratione
325 368 375 410 sua
387 349 543 410 disturbent
554 351 664 410 moenia
677 350 770 410 mundi

107 436 145 492 tlt
152 433 378 512 praeclarumque
390 431 479 493 velint
495 429 567 492 caeli
579 435 758 511 restinguere
771 433 881 513 solem,

152 516 301 579 inmortalia
312 514 422 576 mortali
433 532 565 576 sermone
576 526 720 585 notantes;

152 619 218 682 quae
228 599 330 682 procul
342 598 517 679 usqueadeo
529 598 622 659 divino
634 618 649 659 a
660 602 771 659 numine
783 599 905 680 distent,

150 686 229 764 inque
241 684 325 744 deurn
336 700 453 743 numero
468 701 541 762 quae
552 684 607 742 siut
621 684 733 761 indigna
743 683 849 763 videri,

149 770 270 830 notitiam
280 769 376 846 potius
390 767 572 846 praeberent
584 784 673 846 posse
685 776 819 846 putentur

102 852 211 933 linquid
225 854 262 914 sit
275 850 353 912 vitali
364 861 440 910 motu
457 869 600 928 sensuque
616 859 762 910 remotum.

148 939 251 1018 quippe
267 937 371 996 etenim
385 952 441 993 non
457 944 519 1012 est,
532 951 594 992 ourn
606 934 707 1012 quovis
723 950 844 1012 corpore
859 944 889 994 ut
903 953 971 999 esse

146 1038 232 1101 posse
246 1020 329 1079 animi
343 1028 440 1078 natura
453 1026 567 1096 putetur
580 1016 801 1095 consiliumque3

146 1106 217 1165 siout
229 1104 257 1163 in
271 1102 388 1162 aethere
403 1119 459 1161 uon
470 1101 571 1178 arbor,
585 1118 641 1160 non
655 1118 781 1179 aequore
794 1099 872 1161 salso

145 1188 235 1248 nubes
248 1205 316 1247 esse
331 1194 452 1264 queunt,
466 1203 560 1263 neque
575 1186 673 1263 pieres
688 1187 787 1244 vivere
801 1186 829 1244 iu
840 1189 934 1266 arvis,

92 1278 135 1334 tio
144 1290 197 1333 neo
212 1287 297 1331 eruor
308 1271 336 1328 in
348 1267 432 1347 lignis
443 1287 536 1347 nequo
550 1271 627 1330 saxis
638 1287 725 1330 suous
737 1270 843 1330 inesse.

147 1365 253 1416 eertum
264 1371 299 1413 ao
311 1353 505 1432 dispositumst
519 1352 565 1412 ubi
577 1352 710 1433 quioquid
728 1363 841 1414 oresoat
855 1365 883 1414 et
894 1356 969 1416 insit.

144 1440 186 1500 sio
197 1439 280 1498 animi
290 1448 387 1498 natura
398 1439 497 1516 nequit
508 1439 569 1497 sine
583 1454 704 1517 corpore
717 1438 783 1497 oriri

145 1521 310 1602 solaneque
323 1540 339 1581 a
353 1523 448 1581 nervis
462 1530 490 1581 et
502 1523 638 1599 sanguine
649 1521 773 1600 longiter
785 1541 862 1582 esse.

146 1606 247 1685 quidsi
260 1615 361 1684 posset
372 1601 466 1664 enirn?
476 1604 564 1664 multo
575 1608 652 1684 prius
664 1608 726 1685 ipsa
738 1608 820 1666 animi
832 1608 875 1668 vis

86 1699 132 1752 too
147 1693 174 1749 iu
186 1690 280 1768 eapite
291 1699 337 1750 aut
351 1689 454 1748 umeris
465 1697 512 1748 aut
526 1690 588 1749 imis
599 1688 725 1750 oeloibus
741 1709 809 1751 esse

144 1782 260 1853 posset,
272 1781 302 1833 et
313 1772 419 1832 innasci
432 1773 530 1851 quavis
543 1774 570 1830 in
582 1782 661 1851 parte
673 1773 782 1832 soleret

143 1856 254 1918 taudem
265 1857 292 1915 in
303 1854 404 1916 eodem
418 1855 529 1915 homine
540 1865 625 1934 atque
635 1857 663 1914 iu
674 1856 776 1915 eodem
788 1873 857 1916 vase
868 1874 990 1917 manere.

144 1941 358 2020 quodquoniam
374 1949 472 2000 nostro
487 1954 600 2019 quoque
613 1948 724 2000 constat
740 1955 861 2018 corpore
875 1948 1000 2020 eertum,

144 2024 367 2104 dispositumque
381 2023 492 2083 ridetur
504 2024 550 2082 uhi
563 2042 631 2084 esse
643 2032 672 2084 et
687 2041 823 2084 creseere
836 2025 928 2103 possit

80 2119 131 2172 tto
141 2125 270 2170 seorsum
282 2109 370 2166 anima
382 2116 466 2186 atque
478 2110 583 2168 animus
594 2154 603 2178 ‚
613 2117 689 2169 tauto
702 2109 791 2186 magis
803 2108 972 2170 infitiandum

143 2201 232 2252 toturn
243 2210 331 2270 posse
343 2200 421 2251 extra
434 2209 538 2271 eorpus
552 2192 725 2270 formamque
736 2192 882 2254 animalem

143 2276 271 2355 putribus
283 2277 311 2335 in
322 2275 416 2352 glebis
427 2285 562 2336 terrarum
572 2285 618 2335 aut
631 2275 701 2336 solis
715 2278 742 2335 in
754 2279 812 2354 igni

143 2362 227 2421 autin
239 2377 311 2438 aqua
323 2359 424 2419 durare
436 2369 483 2420 eut
494 2359 558 2419 altis
572 2357 695 2418 aetheris
708 2361 774 2419 oris.

143 2443 216 2506 haud
226 2445 311 2521 igitur
322 2453 451 2504 constent
466 2443 559 2503 divino
572 2441 698 2520 praedita
708 2460 814 2520 sensu,

80 2539 130 2591 145
143 2527 366 2605 quandoquidem
378 2537 521 2605 nequeunt
535 2524 657 2586 vitaliter
668 2545 735 2587 esse
747 2528 874 2586 animata.

185 2609 257 2670 lllud
270 2613 337 2671 item
348 2628 403 2670 non
417 2621 461 2671 est
475 2621 504 2670 ut
515 2612 610 2689 possis
624 2610 759 2689 credere,
773 2610 858 2671 sedes

144 2712 211 2754 esse
223 2695 306 2755 deum
319 2704 431 2755 sanetas
443 2697 470 2754 in
483 2695 576 2754 mundi
589 2696 716 2774 partibus
731 2693 807 2756 ullis.

142 2778 234 2839 tenvis
244 2779 318 2839 enim
329 2789 426 2839 natura
438 2778 520 2838 deum
531 2777 674 2857 longeque
687 2790 795 2841 remota

142 2862 274 2923 sensibus
288 2863 440 2923 abnostris
455 2864 537 2922 animi
548 2865 596 2922 vix
606 2873 700 2924 mente
715 2864 840 2933 videtur:

80 2957 131 3008 150
141 2963 214 3024 quae
227 2948 356 3026 quoniam
368 2964 495 3005 manuum
511 2943 614 3006 tuetu'm
626 2946 742 3024 suffugit
754 2957 782 3008 et
796 2949 897 3025 lotum,

142 3029 239 3090 tactile
248 3029 288 3089 nil
299 3031 381 3090 nobis
397 3029 471 3107 quod
484 3032 520 3090 sit
533 3030 698 3106 contingere
716 3031 818 3091 debet:

141 3122 260 3191 tangere
274 3115 348 3174 euim
358 3131 414 3173 nou
428 3116 486 3192 quit
500 3114 575 3191 quod
586 3114 663 3190 tangi
676 3130 732 3192 non
743 3113 812 3174 lieet
823 3115 924 3192 ipsum.

142 3214 229 3275 quare
243 3199 326 3257 etiam
341 3197 427 3258 sedes
439 3213 553 3276 quoque
568 3197 672 3258 nostris
684 3197 800 3259 sedibus
813 3215 880 3258 esse

142 3279 294 3342 dissimiles
308 3281 430 3357 tenent,
442 3290 556 3341 tenuest
567 3280 592 3342 si
606 3281 703 3360 norpu'
718 3281 850 3347 deorum:
893 3313 897 3318 ·

80 3373 128 3428 155
143 3382 215 3443 quae
229 3365 281 3424 tibi
292 3364 435 3444 posterius
447 3363 528 3444 largo
542 3381 673 3425 sermone
685 3365 821 3444 probabo.

141 3445 239 3510 ‹lieere
249 3465 337 3529 porro
347 3445 487 3507 hominum
502 3467 585 3509 rause
597 3446 724 3509 voluisse
737 3466 836 3528 parare

98 3535 253 3590 Lucnsrrus.
877 3530 897 3591 9
