2288 3886
115 160 159 228 19
598 163 639 223 111

243 331 350 395 Dicere
364 349 450 411 porro
463 331 564 393 oeulos
576 331 679 394 nullam
693 351 753 393 rem
768 350 887 392 cernere
898 349 1011 414 posse,

137 428 191 484 360
202 416 254 477 sed
269 435 383 495 percos
393 418 512 477 animum
527 426 557 477 ut
568 417 677 477 ionibus
689 426 822 496 spectare
837 415 977 495 reclusis,

202 500 381 580 desiperent,
395 511 493 561 contra
505 520 568 561 cum
580 520 682 562 sensus
695 502 769 562 dicat
780 518 893 569 eorunm

203 585 317 664 [sensus
329 587 402 646 enim
413 584 497 645 trahit
507 595 593 664 atque
604 587 682 647 acies
695 584 818 646 detrudit
828 583 864 644 ad
873 585 963 664 ipsas]

201 667 308 748 fulgida
321 671 490 750 praesertim
502 688 565 728 cum
577 687 696 730 cernere
712 686 800 746 saepe
814 672 979 748 nequimus,

204 751 308 815 lumina
319 754 471 814 luminibus
484 755 548 832 quia
558 754 641 815 nobis
656 753 886 831 praepediuntur.

139 849 190 904 365
203 837 280 916 quod
293 838 403 898 foribus
418 855 474 897 non
490 837 534 897 ur:
547 855 641 915 neque
655 839 745 915 enim,
759 839 823 916 quia
836 839 976 897 cernimus
991 838 1072 919 ipsI,

202 925 273 983 ostia
287 924 445 1001 suscipiunt
456 920 544 980 ulium
554 921 668 982 reclusa
679 921 815 981 laborem.

202 1016 351 1085 praeterea
363 1008 387 1067 si
399 1023 452 1083 pro
467 1004 576 1065 ioribus
588 1016 652 1066 sunt
665 1004 767 1065 lumina
778 1013 892 1081 nostra,

201 1092 255 1150 iam
266 1092 355 1168 magis
368 1091 509 1168 exemptis
522 1088 613 1150 oculis
626 1088 733 1150 debere
745 1088 857 1148 videtur

204 1193 324 1234 cernere
335 1193 383 1234 res
398 1175 505 1233 animus
517 1173 636 1234 sublatis
649 1174 780 1251 postibus
796 1175 876 1250 ipsis.

137 1265 191 1321 370
246 1257 321 1317 illud
334 1260 362 1317 in
373 1259 417 1318 bis
429 1258 516 1317 rebus
530 1275 709 1335 nequaquam
720 1275 833 1317 sumere
847 1260 960 1335 possis,

203 1342 360 1402 Democriti
373 1341 449 1419 quod
463 1349 559 1400 sancta
573 1343 624 1400 viri
636 1343 776 1401 sententia
787 1343 882 1419 ponit,

205 1427 334 1504 corporis
345 1434 431 1502 atque
442 1427 524 1483 animi
535 1424 704 1503 primordia,
716 1423 827 1501 singula
837 1426 925 1503 privis

203 1509 350 1587 adposita,
363 1507 480 1569 alteruis
491 1511 600 1568 variare
610 1554 618 1585 ‚
630 1527 663 1569 ac
675 1519 794 1569 nectere
806 1508 939 1568 membra.

204 1611 267 1652 nam
282 1610 346 1651 cum
359 1591 447 1651 multo
460 1601 524 1651 sunt
539 1590 681 1652 elementa
692 1596 798 1652 minora
808 1595 907 1652 animai

140 1683 190 1738 375
206 1695 288 1755 quam
303 1676 405 1754 quibus
419 1695 435 1734 e
451 1693 556 1753 corpus
568 1677 650 1736 nobis
665 1686 694 1737 et
709 1679 821 1736 viscera
833 1685 978 1752 constant,

203 1771 261 1820 tum
272 1779 389 1821 numero
404 1777 519 1838 quoque
531 1759 691 1820 concedunt
703 1771 731 1820 et
742 1778 803 1819 rara
816 1769 956 1839 peractus

205 1845 302 1906 dissita
315 1854 380 1907 sunt
392 1844 548 1913 dumtaxat;
560 1854 590 1904 ut
604 1845 660 1905 boc
676 1847 841 1925 promittere
856 1846 969 1922 possis,

205 1928 336 2009 quantula
352 1931 431 2008 priva
444 1938 547 2008 queam
558 1929 641 1988 nobis
653 1931 755 1988 iniecta
768 1930 845 1987 ciere

206 2030 327 2091 corpora
338 2013 495 2073 sensiferos
506 2021 599 2071 motus
614 2014 793 2090 incorpore,
809 2020 884 2072 tanta

142 2105 195 2160 380
205 2094 352 2156 intervalla
363 2106 463 2155 tenere
475 2094 591 2154 exordia
602 2096 681 2172 priva
693 2097 801 2154 animai.

206 2198 268 2239 nam
279 2196 374 2256 neque
387 2176 514 2258 pulveris
526 2180 600 2239 inter
610 2177 675 2236 dum
687 2180 823 2238 sentimus
836 2178 989 2239 adhaesum

206 2280 329 2342 corpore
345 2281 400 2322 nec
412 2264 544 2323 membris
556 2264 699 2323 incussam
710 2262 805 2323 sidere
819 2271 942 2340 cretum,

204 2367 260 2407 uec
271 2345 402 2407 nebulam
416 2357 502 2408 noctu
513 2365 607 2425 neque
621 2349 697 2407 arani
708 2350 802 2407 tenvia
815 2346 860 2405 iila

206 2432 290 2492 obvia
303 2433 457 2509 sentimus,
470 2430 581 2509 quando
596 2432 752 2492 obretimur
763 2440 881 2507 euntes,

143 2514 194 2580 385
205 2535 260 2577 uec
272 2534 377 2595 supera
388 2525 472 2594 ceput
484 2514 610 2575 eiusdem
626 2514 769 2576 cecidisse
780 2516 883 2574 vietam

206 2608 333 2676 vestem,
346 2618 400 2659 nec
416 2599 525 2678 plumas
540 2600 633 2658 avium
646 2615 816 2677 papposque
830 2597 969 2674 volantis,

207 2686 253 2763 qui
266 2680 348 2742 nimia
359 2682 476 2742 levitate
490 2680 591 2742 cadunt
604 2680 771 2760 plerumque
783 2683 936 2759 gravatim,

208 2784 263 2827 nec
274 2768 401 2844 repentis
413 2769 481 2826 itum
494 2767 742 2843 cuiusviscumque
752 2767 897 2827 animantis

209 2851 362 2927 sentimus,
376 2868 430 2910 nec
442 2851 521 2928 priva
533 2849 637 2928 pedum
649 2853 770 2928 vestigia
782 2867 929 2928 quaeque,

145 2943 198 2997 390
210 2951 332 3013 corpore
345 2951 417 3012 quae
430 2936 457 2992 in
472 2943 569 2993 nostro
582 2934 690 2994 culices
703 2945 732 2995 et
747 2943 844 2996 cetera
854 2943 970 3011 ponunt.

208 3017 383 3098 usqueadeo
398 3020 476 3096 prius
492 3027 537 3078 est
549 3021 576 3078 in
588 3020 669 3078 nobis
684 3018 770 3079 multa
785 3017 914 3078 ciendum

208 3105 314 3164 semina
330 3103 498 3180 corporibus
511 3105 614 3163 nostris
630 3105 743 3163 inmixta
758 3121 811 3181 per
822 3110 916 3179 artus,

208 3205 290 3267 quam
305 3186 456 3264 primordia
469 3189 625 3247 sentiscant
641 3202 781 3247 concussa
795 3187 894 3245 animai

208 3281 237 3332 et
252 3289 334 3349 quam
346 3273 374 3328 in
385 3271 429 3330 his
444 3269 602 3331 intervallis
615 3271 760 3330 tuditantia
772 3271 883 3349 possint

141 3363 193 3417 395
208 3372 380 3415 concursare
394 3357 471 3415 coire
487 3365 516 3414 et
530 3354 681 3415 dissultare
693 3356 828 3415 vicissim.
844 3350 860 3435 d

248 3438 286 3498 Et
297 3440 386 3516 magis
402 3441 563 3499 estanimus
573 3441 639 3499 vitai
655 3437 777 3499 claustra
789 3445 932 3499 coercens
