2288 3886
117 178 178 244 128
503 273 507 281 ‚
611 180 636 239 V

203 366 277 408 neve
289 347 382 426 aliqua
394 348 487 408 divom
498 345 574 406 volvi
585 349 693 407 ratione
706 357 846 425 putemus.

202 449 266 490 nam
279 432 353 490 bene
369 432 416 508 qui
432 431 557 491 didicere
571 429 642 490 deos
655 449 788 491 securum
798 449 886 508 agere
898 450 1016 515 aevom,

205 517 228 574 si
240 525 334 574 tamen
346 516 454 574 interea
464 516 597 573 mirantur
610 533 664 593 qua
674 517 783 574 ratione

204 616 336 677 quaeque
346 600 408 676 geri
420 600 548 676 possint,
562 600 731 675 praesertim
742 599 829 658 rebus
842 601 870 658 in
883 599 940 660 illis

153 692 187 745 85
205 700 279 760 quae
294 699 398 760 supera
414 690 498 760 caput
510 679 644 740 aetheriis
658 691 811 741 cernuntur
825 684 853 742 iu
865 687 941 762 oris,

203 783 301 825 rursus
314 767 341 823 iu
352 766 478 843 antiquas
490 765 651 824 referuntur
664 765 837 844 religiones,

205 859 234 909 et
246 848 373 908 dominos
387 851 461 908 acris
474 847 656 926 adsciscunt,
670 851 761 908 omnia
775 866 864 927 posse

203 950 275 1011 quos
289 933 384 991 miseri
397 931 531 1009 creduut,
545 933 634 1008 ignari
646 932 711 1010 quid
724 943 808 1010 queat
820 952 905 1011 csse,

203 1015 270 1096 quid
280 1025 419 1095 nequeat,
435 1015 510 1075 finita
522 1024 649 1093 potestas
663 1015 785 1094 denique
798 1019 901 1095 cuique

152 1111 187 1164 90
202 1117 319 1180 quanam
331 1101 367 1159 sit
379 1101 487 1159 ratione
499 1109 583 1176 atque
595 1099 652 1158 alte
663 1102 798 1160 terminus
810 1099 942 1164 haerens.

245 1182 328 1256 Quod
339 1193 491 1261 superest,
503 1201 539 1241 ne
553 1192 582 1242 te
594 1185 621 1240 in
633 1185 782 1262 promissis
792 1183 873 1262 plura
883 1203 1028 1247 moremur

200 1268 340 1348 principio
354 1269 439 1326 maria
450 1285 484 1326 ac
495 1277 586 1326 terras
600 1266 767 1344 caelumque
779 1277 876 1336 tuere;

201 1369 320 1431 quorum
332 1360 458 1410 naturam
469 1349 627 1428 triplicem,
642 1353 694 1409 tria
705 1369 843 1429 corpora,
857 1351 991 1430 Memmi,

200 1439 251 1496 tris
263 1435 379 1513 species
392 1443 448 1493 tam
462 1432 622 1510 dissimilis,
636 1435 688 1493 tria
702 1433 766 1493 talia
777 1444 871 1512 texta,

152 1529 185 1581 95
200 1537 254 1577 una
265 1517 325 1576 dies
342 1516 416 1576 dabit
429 1519 533 1594 exitio,
545 1515 706 1595 multosque
717 1536 770 1596 per
781 1537 868 1580 annos

202 1610 357 1662 sustentata
369 1609 433 1658 ruet
445 1599 537 1660 moles
550 1610 580 1660 01
591 1599 718 1660 machina
729 1603 831 1662 mundi.
877 1598 878 1601 ’

199 1704 255 1745 1100
267 1703 312 1744 me
324 1686 405 1742 animi
422 1682 493 1743 fallit
505 1701 587 1763 quam
596 1703 644 1744 res
656 1702 729 1744 nova
741 1688 867 1764 miraque
878 1690 964 1747 menti

200 1768 310 1829 accidat
322 1769 438 1828 exitium
450 1766 522 1828 caeli
531 1777 682 1847 terraeque
693 1768 830 1848 futurum,

201 1865 230 1916 et
243 1872 324 1936 quarn
336 1850 453 1914 difficile
465 1851 493 1910 id
506 1851 572 1911 mihi
586 1855 622 1912 sit
637 1855 806 1931 pervincere
821 1853 918 1922 dictis;

138 1954 188 2005 100
198 1952 229 2001 ut
240 1942 269 2001 iit
285 1940 333 2007 ubi
345 1938 486 2000 insolitam
500 1953 560 1998 rem
572 1935 705 2016 adportes
718 1939 830 1999 auribus
842 1946 927 2015 ante,

199 2043 255 2084 nec
267 2035 359 2084 tamen
370 2022 443 2082 hano
455 2024 551 2100 possis
564 2022 710 2082 oculorum
723 2022 846 2082 subdere
857 2023 920 2080 visu

200 2127 255 2168 neo
269 2111 365 2166 iacere
377 2105 443 2165 indu
454 2123 568 2182 manus,
580 2107 625 2166 via
638 2123 693 2185 qua
705 2107 808 2165 munita
820 2106 885 2166 fidei

200 2195 327 2272 proxima
338 2189 394 2249 fert
405 2189 552 2248 humanum
562 2192 591 2248 iu
604 2199 707 2267 pectus
719 2188 881 2268 templaque
892 2192 1004 2251 mentis.

200 2275 253 2336 sed
263 2285 357 2335 tamen
369 2273 486 2333 effabor.
502 2273 584 2334 dictis
597 2273 671 2340 dabit
684 2276 747 2352 ipsa
759 2273 843 2333 fidem
854 2292 920 2348 res,
957 2279 963 2290 “

139 2373 188 2423 100
199 2360 335 2436 forsitan,
348 2368 378 2418 et
391 2358 516 2436 graviter
528 2367 664 2417 terrarum
677 2358 799 2418 motibus
812 2360 881 2417 ortis

201 2445 293 2505 omnia
305 2442 488 2521 conquassari
500 2443 529 2499 in
539 2458 628 2519 parvo
639 2451 770 2520 tempore
783 2460 894 2500 cernes.

202 2527 278 2607 quod
288 2524 390 2605 procul
401 2544 417 2584 a
427 2525 510 2584 uobis
526 2524 621 2585 flectat
634 2524 745 2585 fortuna
757 2514 936 2602 gubernans',

161 2669 163 2672 .
201 2623 230 2672 01
242 2612 312 2669 ratio
324 2611 419 2688 potius
436 2626 517 2686 quam
527 2626 575 2668 res
589 2609 759 2687 persuadeat
772 2611 834 2687 ipsa

200 2693 351 2756 succidere
362 2691 512 2751 horrisono
524 2710 613 2769 posse
625 2694 716 2752 omnia
726 2695 802 2752 victa
815 2693 939 2769 fragore.

138 2792 189 2842 110
234 2777 247 2858 l)
262 2777 324 2850 Qua
335 2777 412 2854 prius
425 2773 574 2852 adgrediar
585 2794 666 2854 quam
677 2776 712 2836 de
724 2795 755 2835 10
770 2777 889 2836 fundere
902 2776 959 2836 fata

200 2863 323 2924 sanctius
336 2869 365 2919 et
378 2858 465 2918 multo
478 2870 556 2919 certa
566 2863 673 2920 ratione
685 2863 773 2936 magis
787 2879 867 2940 quam

200 2946 299 3021 Pythia
310 2962 381 3023 quae
394 2942 505 3022 tripode
515 2962 531 3002 a
543 2943 650 3005 Phoebi
665 2944 802 3022 lauroque
814 2943 959 3023 profatur,

198 3029 284 3090 multa
296 3030 346 3089 tibi
358 3027 507 3106 expediam
521 3027 613 3089 doctis
624 3028 732 3089 solacia
746 3028 827 3088 dictis
838 3051 844 3097 ;

198 3113 338 3192 reiigione
349 3113 508 3172 refrenatus
520 3131 555 3172 ne
571 3113 645 3172 10110
656 3113 744 3173 rearis

137 3210 186 3260 115
201 3208 291 3274 terras
304 3205 332 3258 et
344 3195 476 3257 solennat
488 3195 614 3273 caelum,
630 3215 706 3256 mare
719 3196 813 3256 sidera
823 3196 932 3274 lunam,

201 3300 322 3360 corpore
335 3280 428 3341 divino
440 3281 547 3340 debere
562 3291 677 3341 aeterna
688 3297 819 3358 manere,

198 3373 408 3445 proptereaque
419 3374 503 3443 putes
516 3367 570 3423 ritu
582 3383 633 3443 par
642 3384 709 3426 esse
721 3363 869 3441 Gigantum

198 3448 326 3528 pendero
338 3465 389 3509 eos
401 3465 509 3526 poenas
523 3450 624 3509 inmani
637 3465 690 3528 pro
704 3446 818 3509 sceiere
829 3449 936 3530 omnis,

1036 1235 1044 1265 1
