2288 3886
126 194 187 258 loa
608 190 634 249 V

207 378 260 440 per
270 359 393 419 tummos
405 367 433 418 et
445 357 581 418 convallis
594 374 768 437 camposque
780 358 913 437 prolusa3

206 453 237 503 ut
246 460 320 503 nunc
332 461 398 502 esse
408 441 489 502 vides
499 444 577 501 vario
592 442 722 503 distincta
734 442 837 521 lepore

126 537 193 594 1375
209 525 317 603 omnia,
330 543 402 605 quae
414 526 505 604 pomis
516 526 642 585 intersita
652 525 782 586 dulcibus
796 535 895 587 ornant

205 610 384 688 arbustisque
395 616 493 668 teuent
504 607 636 669 felicibus
648 611 740 687 opsita
754 611 871 669 circum.

238 690 252 775 l}
266 694 305 754 At
314 690 434 772 liquidas
446 694 537 752 avium
548 710 638 752 voces
649 695 782 753 imitarier
793 710 845 753 ore

207 787 271 839 aute
282 777 334 836 luit
343 775 431 835 multo
443 793 526 854 mam
535 776 610 836 levia
621 778 742 836 earmina
753 785 836 835 cantu

207 859 410 921 concelebrare
425 859 553 919 homines
565 868 684 937 possent
694 862 825 937 aurisque
837 861 947 922 iuvare.

121 955 189 1009 1380
203 947 232 1004 e't
244 942 377 1022 zephyri,
391 959 460 1002 cava
471 959 525 1019 per
536 941 720 1019 calamorum,
734 941 816 1002 sibila
828 946 948 1021 primum

205 1029 326 1106 agrestis
336 1025 461 1085 docuere
473 1042 557 1085 cavus
567 1024 665 1085 inflare
677 1027 793 1086 cicutas.

204 1111 268 1171 inde
280 1111 432 1169 minutatim
444 1107 534 1167 dulcis
546 1108 672 1168 didicere
684 1108 842 1188 querellas,

204 1195 272 1255 tibia
284 1211 354 1271 quas
366 1190 456 1252 fundit
467 1191 561 1269 digitis
572 1191 682 1270 pulsata
695 1201 858 1269 canentum,

204 1281 265 1339 avia
279 1295 331 1354 per
341 1292 457 1335 nemora
470 1292 504 1334 ac
516 1273 602 1334 silvas
614 1275 759 1355 saltusque
769 1285 905 1353 reperta,

122 1371 190 1426 1385
208 1378 261 1441 per
270 1360 336 1419 loca
347 1366 491 1437 pastorum
503 1357 615 1418 deserta
626 1367 710 1438 atque
722 1361 779 1419 otia
793 1358 846 1418 dia.

206 1446 261 1524 [sie
274 1459 358 1502 unum
370 1441 505 1521 quicquid
516 1440 647 1518 paulatim
660 1441 796 1520 protrahit
806 1451 885 1502 aetas

205 1531 234 1587 in
244 1525 365 1586 medium
376 1527 502 1603 ratioque
514 1526 542 1583 in
553 1524 665 1584 luminis
678 1527 762 1602 erigit
773 1526 849 1603 oras}

204 1612 277 1670 haec
291 1611 397 1668 animos
412 1607 477 1666 ollis
488 1606 648 1667 mulcebant
657 1618 741 1686 atque
753 1609 884 1668 iuvabant

206 1712 269 1752 cum
281 1693 380 1752 satiate
394 1691 463 1750 cibi:
474 1709 537 1750 nam
547 1698 605 1749 tum
618 1701 683 1752 sunt
697 1693 817 1751 earmina
828 1692 916 1755 cordi.

122 1788 189 1843 1390
205 1794 294 1855 saepe
305 1777 400 1854 itaque
410 1777 483 1835 inter
494 1793 526 1834 se
538 1776 669 1853 prostrati
680 1777 708 1834 in
718 1777 844 1852 gramine
854 1775 935 1835 molli

206 1870 324 1941 propter
334 1877 424 1938 aquae
436 1860 526 1918 rivom
537 1858 590 1919 sub
600 1860 683 1919 ramis
696 1859 804 1920 arboris
814 1858 887 1919 altae

205 1962 261 2005 non
272 1945 380 2020 maguis
392 1943 494 2020 opibus
505 1942 626 2001 iucunde
641 1959 763 2020 corpora
776 1941 932 2017 habebant,

205 2028 372 2105 praesertim
384 2042 447 2084 cum
456 2033 612 2102 tempestas
624 2025 734 2084 ridebat
746 2034 774 2085 et
786 2027 849 2086 anni

205 2120 333 2187 tempora
345 2107 499 2184 pingebant
508 2106 651 2168 viridantis
663 2107 779 2168 floribus
790 2108 904 2168 herbas.

123 2204 191 2258 1395
208 2204 267 2254 tum
277 2195 358 2265 ioca,
372 2200 430 2251 tum
442 2208 552 2268 sermo,
565 2199 623 2250 tum
635 2190 734 2251 dulces
749 2207 815 2252 esse
827 2191 955 2252 cachinni

207 2283 386 2337 consuerant.
400 2278 522 2353 agrestis
534 2277 607 2335 enim
618 2284 676 2334 tum
687 2293 766 2335 musa
779 2276 909 2353 vigebat:

206 2371 263 2420 tum
274 2368 359 2437 caput
370 2367 456 2438 atque
468 2377 581 2419 umeros
593 2357 686 2436 plexis
696 2359 828 2419 redimire
838 2360 954 2421 coronis

207 2444 324 2505 floribus
337 2451 366 2502 et
377 2442 453 2503 loliis
467 2443 582 2502 lascivia
595 2443 669 2502 laeta
679 2443 827 2519 monebat,

205 2539 290 2608 atque
304 2535 384 2585 extra
395 2545 541 2587 numerum
553 2525 713 2603 procedere
725 2525 851 2585 membra
863 2535 1016 2587 moventes

123 2621 191 2676 1400
206 2611 310 2670 duriter
323 2619 352 2668 et
363 2608 432 2669 duro
444 2619 546 2670 temam
557 2609 633 2686 pede
645 2607 755 2687 pellere
767 2617 898 2679 matrem3

206 2692 281 2753 unde
292 2692 454 2751 oriebantur
467 2694 539 2750 risus
552 2692 709 2770 dulcesque
720 2692 864 2768 cachinni,

207 2777 298 2835 omnia
310 2774 387 2852 quod
396 2791 468 2834 nora
480 2783 537 2833 tum
549 2778 638 2852 magis
650 2775 722 2834 baec
734 2784 763 2835 et
773 2777 843 2835 mira
853 2773 1000 2855 vigebant.

207 2869 236 2920 et
247 2857 427 2935 vigilantibus
439 2857 504 2917 hinc
516 2858 630 2918 aderant
640 2858 749 2918 solacia
761 2860 867 2934 somni,

206 2943 312 3002 ducere
323 2941 492 3001 multimodis
502 2959 592 3001 voees
604 2950 632 3000 et
642 2940 762 3001 flectere
775 2950 872 3001 cantus

125 3036 191 3091 1405
209 3037 237 3087 et
249 3044 353 3104 supera
368 3024 491 3085 calamos
504 3042 578 3084 unco
590 3042 761 3102 percurrere
774 3023 872 3093 labro;

207 3110 282 3170 unde
295 3111 378 3169 etiam
388 3107 491 3186 vigiles
502 3126 575 3168 nunc
587 3109 659 3168 hacc
670 3117 792 3186 accepta
806 3116 935 3183 tuentur,

209 3201 238 3252 et
246 3210 391 3252 numerum
402 3209 516 3252 servare
527 3194 606 3252 sonis
618 3190 759 3266 didicere,
772 3208 865 3269 neque
878 3189 937 3250 hilo

208 3279 343 3335 maiorem
352 3276 460 3334 interea
473 3277 586 3352 capiunt
598 3274 751 3334 dulcedini'
763 3273 884 3334 fructum

209 3376 292 3437 quam
304 3358 435 3418 silvestre
446 3376 536 3435 genus
549 3358 681 3437 capiebat
692 3358 905 3435 terrigenarum.

125 3453 195 3509 1410
211 3460 275 3502 uam
287 3441 363 3519 quod
374 3441 455 3502 adest
469 3450 599 3520 praesto,
611 3442 665 3502 nisi
678 3440 745 3519 quid
756 3441 940 3518 cognovimus
952 3448 1019 3501 ante
