2310 3892
118 198 161 260 eo
467 198 625 280 ¹r

204 376 233 428 et
246 364 353 427 calidos
368 366 449 427 simui
462 385 477 426 a
490 367 583 427 medio
596 366 734 427 differrier
747 369 837 445 ignis,

203 459 287 529 atque
299 449 363 509 ideo
375 459 464 510 totum
477 452 583 510 circum
594 460 716 511 tremere
730 451 846 512 aethera
858 454 947 529 signis

136 542 188 598 090
204 544 233 594 et
244 533 314 594 solis
328 532 463 593 flammam
475 551 528 612 per
541 534 613 594 caeli
627 533 739 594 caerulo
750 538 850 613 posci,

205 616 280 697 quod
293 615 371 677 calor
382 635 397 676 a
408 617 501 676 medio
514 617 627 696 fugiens
639 637 671 678 se
683 618 721 678 ibi
734 618 858 696 conligat
870 621 979 695 omnis,

204 719 259 762 nec
271 718 400 780 prorsum
412 701 560 762 arboribus
572 718 695 762 summos
707 700 893 762 frondescere
907 720 999 763 nomos
1044 741 1052 754 ·

205 802 311 865 posse,
325 785 378 844 nisi
390 803 406 844 a
417 787 500 845 terris
512 784 644 863 paulatim
658 786 761 863 cuique
775 786 896 845 cibatum

205 1558 241 1600 ne
254 1538 363 1598 volucri
374 1539 428 1596 ritu
441 1536 608 1597 flammarum
620 1538 730 1597 moenia
741 1539 834 1598 mundi
891 1546 894 1550 ’

125 1630 189 1685 1095
206 1623 351 1699 diffugiant
363 1621 456 1681 subito
468 1638 597 1699 magnum
608 1622 752 1700 perinane
766 1622 875 1702 soluto,

207 1716 236 1767 et
248 1724 284 1765 no
297 1714 393 1765 cetera
406 1703 545 1765 consimili
555 1707 663 1765 ratione
675 1715 844 1784 sequantur,

206 1808 280 1850 neve
292 1798 371 1849 ruant
384 1788 456 1849 caeli
467 1789 623 1868 penetralia
633 1788 739 1868 templa
750 1809 874 1870 superne

205 1884 337 1953 terreque
350 1893 382 1935 se
394 1872 515 1952 pedibus
526 1876 626 1953 raptim
638 1874 777 1934 subducet
791 1884 820 1934 et
831 1893 913 1935 omne

206 1960 280 2019 inter
290 1960 442 2037 permixtas
455 1976 547 2017 rerum
564 1957 693 2034 caelique
704 1959 797 2018 ruinas

125 2053 191 2104 1100
207 2058 328 2121 corpora
341 2040 486 2101 solventes
499 2041 581 2100 abent
593 2041 737 2118 perinane
749 2040 934 2119 profundum,

205 2126 341 2203 temporis
353 2133 383 2183 ut
394 2133 500 2202 puncto
511 2122 550 2182 nil
563 2132 641 2182 extet
652 2122 850 2202 reliquiarum,

206 2208 349 2269 desertum
360 2217 474 2287 praeter
485 2208 604 2285 spatium
618 2215 646 2266 et
658 2207 807 2286 primordia
820 2227 914 2270 coeco.

206 2309 267 2353 nam
280 2309 456 2371 quacumque
468 2293 545 2370 prius
558 2291 593 2351 de
605 2293 677 2370 perti
690 2308 810 2371 corpora
822 2293 907 2354 desse

207 2378 380 2454 constitues,
392 2375 463 2436 haec
474 2376 562 2438 rebus
574 2378 627 2437 erit
640 2393 705 2455 pers
716 2378 796 2436 ianua
807 2376 857 2437 leti
864 2399 871 2436 ε

125 2470 190 2522 noo
207 2460 259 2520 has
274 2479 306 2521 se
317 2460 398 2522 turha
410 2460 486 2521 iores
499 2459 574 2521 dabit
586 2463 675 2520 omnis
687 2463 820 2521 materiei.

247 2544 342 2621 Haec,
358 2546 415 2622 sis,
428 2561 584 2622 pernoscas
597 2562 682 2623 parva
693 2545 848 2623 perdoctus
862 2545 968 2625 operto

205 2647 325 2706 nomque
337 2627 392 2686 alid
404 2646 440 2688 ex
451 2627 506 2688 olio
522 2627 681 2705 clarescet,
694 2647 749 2689 nec
758 2630 809 2689 tibi
822 2648 908 2691 caeco

205 2729 262 2772 nox
274 2714 328 2770 iter
340 2713 459 2789 eripiet,
474 2713 540 2790 quin
551 2711 645 2772 ultima
656 2715 761 2773 naturai

205 2794 369 2876 pervideas:
381 2797 477 2856 iteres
489 2795 647 2857 accendent
659 2795 762 2857 lumina
771 2799 870 2861 rebus.

485 3104 775 3120 affluo
