2288 3886
475 159 685 217 PRAEFATIO.
1049 182 1076 220 ur

70 348 128 387 nou
139 330 244 387 babeat
255 346 310 402 quo
322 331 473 397 reseratur,
488 335 573 384 toturn
586 331 678 384 locum
689 330 913 402 transponendo,
933 332 1075 401 mutando,

69 415 272 487 distinguendo
283 413 486 469 administravit
496 413 690 468 Lachmanuus
703 414 757 468 sic:

175 494 227 546 805
247 502 272 544 et
280 494 330 543 nisi
339 501 478 558 tempestas
488 493 602 560 indulget
612 502 727 559 tempore
736 494 820 543 l'austo

175 564 227 616 807
246 562 335 626 solque
343 576 390 613 sua
398 577 446 627 pro
454 570 526 627 parte
537 561 607 614 iuvet
615 564 753 627 tribuitque
762 562 887 623 calorem,

174 632 227 684 800
244 633 367 682 imbribus
376 639 401 681 et
412 632 471 683 tabe
481 632 623 681 nimborum
633 632 745 682 ambusta
756 631 887 691 vacillent,

174 700 227 755 808
248 715 360 751 crescere
371 714 422 751 uon
433 702 533 765 possint
542 700 630 767 fruges
640 701 743 751 arbusta
752 702 897 751 animantia.

69 792 166 861 ltaque
190 794 390 845 anteversum
410 790 463 845 806
485 787 632 843 collocavit
653 802 767 842 versum
783 791 849 855 807,
874 794 957 857 atque
980 788 1007 841 in
1027 804 1075 842 ex-

74 882 164 929 tremo
175 872 259 928 huius
275 871 327 929 807
339 871 472 928 versiculi
488 872 627 927 vocabulo
648 872 770 926 calorem
788 870 860 925 finiri
876 873 1001 942 protasio
1020 878 1072 927 sta·

71 960 136 1026 tuit,
147 957 308 1029 apodoseos
320 961 413 1011 autem
422 955 546 1025 priorem
557 961 665 1026 partem
684 955 819 1010 contineri
835 956 862 1008 in
881 972 968 1010 vorsu
981 957 1034 1013 800
1050 962 1077 1011 et

70 1041 137 1096 huic
146 1041 234 1113 priori
251 1041 323 1112 parti
337 1026 502 1104 ἆσυνδέτως
516 1038 582 1093 addi
599 1040 715 1093 alteram
733 1038 760 1092 in
777 1055 863 1095 versu
873 1041 935 1097 808.
968 1038 1076 1095 Deinde

71 1141 143 1181 vero
155 1142 186 1181 v.
196 1127 249 1183 806
260 1123 386 1179 arbusto
398 1122 514 1178 mutavit
525 1123 552 1176 iu
568 1122 720 1189 ambrisia,
739 1129 822 1192 atque
840 1122 970 1177 imbribus
980 1128 1007 1178 ct
1016 1124 1077 1179 tabe

70 1209 224 1265 iamborum
238 1207 373 1264 ambrisia
384 1207 512 1262 vacillent
524 1206 656 1277 explicari
668 1207 756 1262 voluit
767 1193 937 1260 sica‘omnia
948 1206 1076 1263 imbrium

68 1293 180 1365 fricare
190 1293 317 1347 ambusta
333 1290 466 1348 vacilleut
484 1297 567 1360 atque
582 1292 696 1358 nutent,
716 1291 805 1345 allatis
822 1290 940 1344 aliorum
958 1290 1075 1362 scripto-

70 1392 134 1431 rum
151 1376 221 1431 locis
238 1375 342 1443 tribus,
360 1390 479 1445 quorum
493 1389 578 1428 unum
596 1374 787 1451 suppeditavit
807 1374 937 1428 Valerius
948 1373 1066 1430 Flaccus

69 1462 116 1532 qui
131 1460 178 1528 IV,
199 1463 234 1518 70
257 1461 347 1516 succis
365 1457 488 1515 ammata
499 1460 613 1529 pruinis
629 1458 747 1514 Lumina
770 1459 896 1527 (oculos)
916 1458 1075 1515 Promethei

70 1544 155 1611 dixit3
172 1544 272 1614 reliqui
290 1543 346 1599 duo
369 1543 423 1598 loci
443 1543 619 1613 reperiuntur
637 1542 713 1613 apud
730 1541 910 1599 Columellam
929 1542 975 1612 Xl,
997 1547 1023 1611 3,
1041 1548 1076 1602 13

69 1627 346 1701 brumoefriporibus
359 1634 386 1682 et
390 1629 503 1698 pruinis
511 1627 664 1695 inurendo,
681 1626 717 1695 X,
735 1630 770 1686 74
785 1643 857 1700 quae
872 1629 950 1682 canis
967 1629 1077 1684 iaceant

67 1713 308 1785 urendapminis.
336 1714 373 1766 At
384 1718 414 1765 ut
422 1710 531 1783 friporc
547 1711 655 1766 amburi
674 1717 701 1765 et
712 1712 796 1766 latine
814 1719 840 1766 et
858 1713 884 1767 in
906 1712 1005 1782 quavis
1024 1712 1075 1765 lin-

69 1814 127 1869 gua
137 1803 214 1853 recte
226 1796 281 1851 dici
290 1796 394 1867 possit,
407 1800 436 1849 ut
447 1796 482 1849 ab
495 1794 548 1849 hac
559 1795 698 1850 locutione
709 1797 827 1865 proiecti
838 1798 907 1850 tales
920 1797 1072 1866 scriptores

68 1882 167 1951 quales
179 1887 244 1935 sunt
254 1879 384 1934 Valerius
395 1879 512 1933 Flaccus
533 1883 560 1932 et
571 1876 724 1933 Columella
741 1881 823 1932 etiam
836 1882 950 1950 pruinis
967 1880 1074 1933 amburi

68 1964 166 2020 dicere
176 1964 302 2036 possint,
315 1964 416 2018 cumin
427 1962 535 2034 pruinis
546 1962 658 2034 frigoris
670 1963 747 2017 notio
758 1963 869 2034 penitus
881 1961 1072 2018 inhaerescat:

68 2055 162 2104 murco
172 2065 209 2103 ne
221 2049 307 2102 ullum
318 2047 432 2118 quidem
448 2047 599 2116 vestigium
613 2047 674 2103 sive
691 2047 802 2119 lrigoris
819 2048 881 2105 sive
895 2048 1013 2119 pruinae
1029 2064 1073 2102 re·

68 2134 175 2204 peritur
187 2133 216 2187 in
227 2148 312 2188 versu
328 2131 503 2186 Lucretiauo.
534 2130 647 2186 Dixissit
657 2132 801 2187 Lucretius
819 2132 975 2188 secundum
986 2132 1073 2187 Lach-

68 2216 162 2273 manni
183 2216 349 2287 scripturam
369 2215 497 2272 imbribus
518 2218 653 2272 ambusta.
695 2217 788 2288 Atque
818 2217 979 2272 huiusmodi
1007 2216 1073 2287 quid

69 2316 160 2372 neque
173 2317 190 2355 a
203 2300 331 2355 Lucretio
342 2314 437 2369 neque
448 2299 483 2354 ab
495 2301 550 2354 ullo
564 2307 641 2354 casto
653 2302 789 2372 scriptore
802 2301 856 2356 dici
868 2302 993 2373 potuisse
1005 2301 1073 2356 mihi

69 2385 182 2455 quidem
192 2400 361 2456 persuasum
374 2390 425 2438 est.
454 2382 546 2450 Quare
558 2385 654 2438 relicta
665 2384 892 2440 Lachmanniaua
903 2386 1010 2440 ratione
1023 2401 1073 2440 ex·

67 2470 225 2541 periamur,
249 2474 340 2523 utrum
358 2467 486 2524 codicum
505 2467 575 2523 ordo
594 2468 706 2523 retineri
724 2468 828 2539 possit,
851 2470 875 2522 si
902 2468 1072 2523 aPrisciano

67 2553 344 2626 presumpturos
361 2552 493 2608 imbribus
509 2559 545 2607 ut
564 2553 625 2608 tabe
642 2552 795 2608 nimborum
813 2552 926 2608 arbusto
946 2553 1074 2608 occident

67 2644 150 2709 atque
171 2639 212 2692 sic
234 2636 438 2710 distinguamus
457 2644 487 2691 ut
503 2636 633 2694 imbribus
648 2655 677 2693 v.
689 2641 742 2696 806
757 2637 882 2710 pendeat
897 2639 932 2693 ab
953 2637 1074 2710 indulcat

67 2740 95 2779 v.
108 2726 171 2781 805.
205 2720 265 2788 Quo
278 2723 350 2777 iacto
362 2722 425 2776 talis
439 2722 541 2777 exstitit
554 2723 656 2776 oratio:

169 2819 222 2871 805
241 2828 266 2870 et
274 2822 326 2870 nisi
337 2829 473 2886 tempestas
483 2822 597 2887 indulget
606 2830 720 2886 tempore
730 2821 813 2871 fausto

239 2890 377 2950 imbribus,
387 2898 415 2940 at
423 2892 481 2940 tabe
490 2892 633 2941 nimborum
645 2891 746 2940 arbusta
758 2890 889 2950 vacilleut,

239 2957 330 3022 solque
338 2973 385 3009 sua
396 2974 443 3024 pro
452 2968 524 3024 parte
535 2959 602 3009 iovet
612 2960 747 3022 tribuitque
757 2960 879 3015 calorem.

239 3042 354 3079 crescere
363 3042 415 3078 uon
425 3030 522 3092 possint
532 3029 619 3102 fruges
631 3029 733 3079 arbusta
743 3030 889 3078 animantis.

64 3114 122 3171 lam
133 3116 258 3188 protasis
269 3116 389 3186 pertinet
399 3132 490 3186 usque
501 3115 538 3171 ad
550 3117 670 3172 colorem
683 3135 710 3173 v.
721 3120 788 3184 807,
808 3116 836 3169 in
849 3131 938 3186 eaque
949 3115 1070 3187 primum

64 3200 165 3255 dicitur
176 3200 213 3255 de
224 3199 373 3269 imbribus,
393 3201 440 3270 qui
458 3206 585 3273 tempore
598 3217 686 3256 veruo
703 3200 781 3255 fiunt.
822 3199 870 3253 Eis
883 3200 918 3254 ita
931 3200 1070 3271 agitantur

63 3286 177 3340 frutices
193 3290 221 3340 et
233 3286 361 3352 arbusta,
379 3291 410 3340 ut
425 3283 480 3339 huc
498 3292 581 3355 atque
593 3285 657 3339 illuc
675 3291 770 3340 nutent
786 3286 917 3355 perculsa
929 3284 1068 3339 tabescim-

62 3368 160 3427 borttm
175 3369 194 3423 i.
207 3386 233 3424 e.
249 3369 369 3425 nubibus
391 3369 596 3425 tabescentibus
609 3368 637 3422 ln
648 3370 788 3440 pluviam,
807 3368 877 3422 sicut
896 3369 1024 3424 Lucanus
1033 3366 1068 3435 X,

61 3456 116 3511 224
128 3454 216 3510 tabem
226 3454 296 3512 artu
306 3452 374 3508 dixit
385 3453 548 3523 liquefactas
559 3453 650 3509 nives.
694 3452 743 3507 llis
761 3452 894 3507 imbribus
907 3453 989 3508 ctiam
1000 3451 1068 3506 solis
