2288 3886
524 186 565 246 111

119 356 275 414 innumero
290 371 425 432 numero,
441 363 610 432 certareque
622 365 881 435 praeproperanter

123 441 206 500 iuter
216 457 249 498 se
261 456 334 517 quae
346 439 435 517 prima
445 440 651 517 potissimaque
662 441 834 507 insinuetur;

125 525 154 584 si
167 538 224 581 non
236 521 311 582 forte
322 523 360 582 itu
371 530 437 583 sunt
448 522 598 581 animarum
610 522 727 582 foedera
739 533 838 602 pacta,

47 617 112 672 780
124 617 159 668 ut
172 624 245 685 quae
257 608 345 684 prima
358 606 459 667 volans
473 606 620 666 advenerit
630 608 787 667 insinuetur

125 692 233 771 prima,
246 708 340 768 neque
351 692 425 750 inter
436 709 468 750 se
484 690 654 750 contendant
665 690 771 751 viribus
783 689 878 751 hilum.

172 773 305 852 Denique
316 775 345 833 in
355 773 474 834 aethere
484 791 542 834 non
552 775 653 850 arbor,
665 792 721 834 non
733 792 858 854 aequore
871 774 949 836 saiso

127 859 223 919 nubes
235 877 303 919 esse
315 866 437 936 queunt,
451 875 507 917 nec
517 859 616 938 pisces
627 860 726 917 vivere
737 860 766 917 in
780 861 871 936 arvis,

128 960 188 1002 neo
200 959 284 1002 cruor
295 943 324 1000 in
334 940 420 1020 lignis
431 959 526 1020 neque
538 943 614 1003 saxis
626 960 712 1002 sucus
724 943 829 1002 inesse.

55 1036 116 1091 785
133 1034 242 1086 certum
252 1043 287 1085 ac
300 1024 497 1103 dispositumst
507 1025 554 1085 ubi
570 1025 703 1105 quicquid
715 1035 826 1087 crescat
838 1035 867 1087 et
879 1028 952 1086 insit.

130 1112 175 1170 sic
187 1111 268 1170 animi
279 1119 376 1170 natura
389 1111 486 1187 nequit
498 1111 560 1169 sine
573 1127 696 1188 corpore
709 1111 775 1169 oriri

131 1192 193 1254 sola
202 1211 298 1270 neque
309 1195 430 1254 enervis
448 1202 477 1253 et
490 1195 626 1270 sanguine
637 1193 762 1270 longitcr
774 1211 850 1254 esse.

131 1276 187 1338 hoc
199 1279 224 1337 si
235 1287 336 1355 posset
349 1279 439 1354 enim,
452 1277 541 1337 multo
553 1279 631 1356 prius
643 1279 707 1356 ipsa
717 1279 798 1336 animi
808 1278 852 1337 vis

130 1363 160 1420 in
171 1363 264 1440 capite
275 1371 322 1420 aut
332 1364 437 1421 umeris
448 1370 495 1421 aut
505 1363 568 1421 imis
581 1360 707 1422 calcibus
720 1381 787 1422 csse

63 1455 122 1510 790
137 1455 255 1524 posset,
269 1454 298 1505 ct
309 1446 416 1505 innasci
429 1448 526 1523 quavis
538 1448 566 1505 in
577 1455 656 1525 parte
668 1445 776 1507 soleret

131 1528 244 1590 tandem
254 1531 282 1588 in
294 1529 397 1590 eodem
407 1528 520 1589 homine
532 1539 616 1608 atque
628 1531 656 1589 in
668 1530 769 1590 eodem
784 1548 852 1591 vase
864 1548 986 1590 manere.

133 1612 208 1693 quod
221 1614 351 1694 quoniam
361 1622 460 1674 nostro
473 1631 587 1693 quoque
601 1623 713 1675 constat
724 1631 847 1694 corpore
861 1623 986 1691 certum,

132 1697 356 1777 dispositumque
367 1697 480 1757 ridetur
490 1698 539 1757 ubi
550 1716 618 1758 esse
630 1707 659 1758 et
672 1716 807 1758 crescere
818 1700 910 1776 possit

131 1799 242 1842 sorsum
253 1783 341 1841 anima
352 1791 436 1860 atque
448 1783 571 1857 animus,
583 1790 660 1841 tauto
672 1784 761 1858 magis
773 1780 942 1842 infitiandum

63 1874 118 1931 '195
130 1874 220 1926 totum
231 1883 320 1945 posse
332 1875 412 1926 extra
424 1881 529 1941 corpus
542 1864 642 1923 durare
654 1865 787 1942 ge'nique.

132 1967 237 2028 quare,
251 1965 356 2028 corpus
368 1949 416 2009 ubi
427 1949 549 2025 interiit,
562 1948 685 2027 periisse
698 1956 849 2007 necessest

132 2033 286 2094 confiteare
297 2036 413 2093 animam
424 2032 588 2093 distractam
597 2033 627 2092 in
638 2049 761 2112 corpore
772 2040 842 2093 toto.

133 2119 240 2197 quippe
252 2119 356 2178 etenim
366 2115 484 2178 mortale
495 2126 611 2178 aeterno
623 2119 741 2195 iungere
757 2126 786 2177 et
797 2134 850 2175 una

133 2203 295 2262 consentire
307 2210 405 2281 putare
418 2209 447 2261 et
459 2201 538 2279 iungi
549 2210 643 2260 mutua
654 2218 743 2279 posse

61 2295 119 2350 800
129 2286 307 2364 desiperest:
320 2286 387 2364 quid
399 2287 472 2345 enim
484 2285 622 2344 diversius
634 2303 701 2344 esse
712 2283 892 2362 putandumst

130 2379 178 2429 aut
189 2371 278 2448 magis
289 2371 362 2430 inter
373 2388 406 2429 se
419 2369 586 2430 disiunctum
598 2367 862 2444 decrepitamque,

130 2470 214 2532 quam
224 2453 342 2513 mortale
354 2452 430 2532 quod
441 2463 485 2512 est
496 2449 634 2511 inmortali
647 2460 731 2528 atque
743 2449 863 2529 perenni

130 2538 256 2597 iunctum
267 2539 295 2595 in
307 2535 429 2597 concilio
444 2553 544 2598 saevas
555 2534 679 2595 tolerare
692 2528 858 2613 procellas?

131 2621 293 2700 [praeterea
304 2639 499 2700 quaecumque
509 2628 620 2679 manent
631 2626 745 2678 aeterna
755 2624 906 2678 necessest

62 2714 119 2770 805
131 2713 178 2764 aut
190 2706 255 2782 quia
266 2714 330 2765 sunt
342 2703 434 2773 solido
447 2722 510 2764 eum
521 2721 644 2783 corpore
655 2721 794 2783 respuere
804 2703 879 2762 ictus

131 2806 187 2848 nec
198 2797 350 2866 penetrare
362 2790 419 2867 pati
432 2789 486 2848 sibi
498 2790 647 2866 quicquam
659 2788 734 2866 quod
747 2796 831 2866 queat
842 2795 916 2846 artas

132 2871 290 2933 dissociare
301 2875 375 2932 intus
387 2873 474 2951 partis
484 2881 516 2931 ut
528 2873 652 2932 materiai

132 2972 254 3035 corpora
266 2965 330 3016 sunt
342 2974 460 3036 quorum
471 2965 595 3017 naturam
606 2954 780 3016 ostendimus
791 2963 856 3020 ante

130 3040 254 3100 autideo
270 3040 370 3100 durare
385 3048 506 3100 aetatem
517 3057 605 3118 posse
617 3056 670 3118 per
685 3057 796 3098 omnem

62 3131 121 3188 810
131 3122 277 3203 plagarum
289 3126 353 3203 quia
365 3133 429 3184 sunt
441 3125 569 3202 expertia
584 3125 657 3183 sicut
668 3124 778 3183 inanest
855 3129 857 3136 '

133 3210 209 3286 quod
219 3218 313 3269 manet
324 3210 458 3268 intactum
469 3226 562 3285 neque
574 3207 609 3266 ab
622 3209 680 3265 ictu
692 3206 817 3282 iungitur
830 3203 916 3263 hilum

132 3294 275 3354 autetiam
287 3295 351 3372 quia
361 3290 438 3351 nulla
448 3289 506 3350 loci
521 3292 557 3351 sit
569 3292 651 3368 copia
663 3292 770 3349 circum

134 3393 191 3453 quo
202 3378 282 3455 quasi
295 3395 343 3435 res
354 3376 465 3454 possint
476 3373 626 3434 discedere
638 3372 814 3451 dissoluique

132 3460 216 3520 sicuti
227 3477 394 3521 summarum
405 3466 539 3520 summast
549 3467 663 3517 aeterna
672 3474 765 3536 neque
777 3464 866 3601 extrqj
875 3535 891 3573 *
