2310 3892
560 182 600 243 lll

157 347 314 409 multorum
329 349 416 409 exitio
433 348 563 427 perdocti
579 350 655 427 quod
666 368 762 410 sumus
774 361 848 410 ante.

160 433 288 512 denique
300 450 368 512 cur,
380 433 521 493 hominem
537 452 599 492 cum
614 436 671 493 vini
682 436 725 494 vis
742 433 902 512 penetravit

83 527 121 584 47
124 528 145 580 5
162 519 239 578 acris
252 518 321 579 etin
335 535 423 577 renas
439 517 573 578 discessit
585 517 688 578 diditus
700 519 799 595 ardor,

162 603 350 680 consequitur
360 603 484 679 gravitas
497 602 701 679 membrorum,
715 602 935 680 praepediuntur

164 704 247 747 crura
261 682 420 762 vacillanti,
436 685 572 746 tardescit
587 686 700 764 lingua,
713 687 806 746 madet
818 704 914 762 mens,

163 781 231 830 nant
243 770 337 848 oculi,
354 769 460 830 clamor
471 769 612 847 singultus
624 772 715 847 iurgia
726 768 868 846 gliscunt,

164 864 194 915 et
204 856 258 916 iam
270 864 368 915 cetera
382 855 418 914 de
430 873 539 931 genere
551 855 606 921 boc
618 872 815 933 quaecumque
827 863 981 930 secuntur,

89 947 151 1002 480
164 958 216 999 cur
227 958 261 999 ea
273 948 354 1016 sunt,
371 940 424 999 nisi
438 939 514 1016 quod
531 957 647 1000 vemens
659 937 794 998 violentia
808 938 864 996 vini

165 1024 336 1084 conturbare
347 1025 465 1082 animam
481 1025 630 1083 consuerit
641 1038 765 1100 corpore
778 1023 805 1079 in
818 1019 904 1099 ipso'l

163 1117 192 1168 at
207 1125 403 1186 quaecumque
416 1118 522 1185 queunt
535 1107 697 1167 conturbari
710 1108 796 1182 inque
810 1104 900 1183 pediri
908 1150 917 1181 ,

164 1193 339 1269 significant,
355 1191 439 1270 paulo
452 1193 476 1251 si
488 1190 584 1250 durior
593 1193 737 1251 insinuarit

165 1294 267 1354 causa,
281 1275 343 1336 iore
355 1285 385 1335 ut
397 1285 515 1354 pereant
529 1294 602 1336 aevo
616 1277 724 1355 privata
739 1272 844 1333 laturo.

94 1367 153 1423 485
166 1363 233 1439 quin
245 1362 327 1421 etiam
342 1360 436 1421 subito
452 1362 480 1418 vi
495 1361 585 1420 morbi
598 1378 686 1438 saepe
703 1369 820 1418 coactus

164 1454 229 1505 ante
241 1443 343 1505 oculos
354 1442 456 1523 aliquis
468 1455 598 1522 nostros,
616 1454 644 1504 ut
656 1443 779 1503 fulminis
791 1445 866 1518 ictu,

166 1528 289 1588 concidit
301 1538 330 1589 et
341 1545 455 1606 spumas
468 1531 541 1607 agit,
555 1531 671 1606 ingemit
685 1537 713 1589 et
723 1529 817 1587 tremit
828 1536 922 1603 artus,

166 1612 289 1691 desipit,
301 1621 428 1673 extentat
440 1631 562 1690 nervos,
579 1622 745 1690 torquetur,
757 1611 870 1672 anhelat

166 1699 375 1773 inconstanter,
389 1707 418 1756 et
433 1700 460 1756 in
472 1697 600 1758 iactando
612 1697 736 1756 membra
747 1695 853 1773 latigat.

96 1789 154 1843 490
168 1783 312 1859 nimirum,
326 1785 390 1859 quia
401 1783 444 1841 vis
457 1781 547 1840 morbi
563 1780 697 1840 distracta
710 1798 762 1858 per
776 1789 852 1839 artus

168 1865 279 1943 turbat,
294 1885 384 1944 agens
395 1868 513 1924 animam
525 1874 653 1941 spumat,
667 1865 747 1940 quasi
762 1865 789 1920 in
800 1880 926 1938 aequore
940 1863 1016 1922 salso

166 1959 314 2009 ventorum
327 1948 426 2010 validis
441 1949 607 2008 fervescunt
618 1948 726 2006 viribus
739 1945 839 2005 undae.

166 2036 332 2112 exprimitur
345 2051 431 2114 porro
446 2035 585 2111 gemitus,
602 2034 665 2111 quia
677 2031 802 2091 membra
818 2030 917 2090 dolore

166 2119 352 2196 adliciuntur,
368 2126 397 2178 ct
408 2120 519 2177 omnino
533 2117 608 2196 quod
619 2118 726 2178 semina
740 2117 821 2176 vocis

98 2210 153 2266 495
167 2205 308 2263 eiciuntur
318 2212 348 2262 et
362 2219 413 2263 ore
425 2201 501 2262 lonas
515 2201 671 2279 glomerata
686 2201 814 2260 leruntur

167 2305 222 2365 qua
233 2289 313 2365 quasi
326 2295 497 2349 consuerunt
511 2295 540 2345 et
554 2295 619 2346 sunt
630 2288 734 2344 munita
749 2287 812 2343 viai.

168 2371 337 2451 desipientia
349 2371 395 2449 fit,
410 2373 474 2448 quia
488 2372 531 2429 vis
544 2371 626 2429 animi
638 2376 723 2446 atque
737 2370 836 2426 animai

169 2456 351 2516 conturbatur
361 2463 406 2532 et,
419 2465 449 2514 ut
462 2454 564 2530 docui,
581 2453 670 2512 divisa
685 2468 815 2511 seorsum

168 2539 333 2601 disiectatur
348 2538 450 2599 eodem
461 2537 511 2598 illo
524 2538 657 2598 distracta
670 2551 791 2595 veneno.

101 2632 156 2686 500
169 2623 234 2684 inde
246 2625 294 2697 ubi
308 2626 362 2683 iam
374 2623 463 2683 morbi
473 2623 586 2682 rellcxit
599 2639 699 2697 causa,
712 2618 842 2698 reditque

168 2711 196 2768 in
208 2708 333 2769 latebras
344 2726 413 2768 acer
425 2709 551 2784 corrupti
567 2707 696 2785 corporis
709 2721 805 2780 umor,

168 2800 225 2852 tum
238 2793 318 2870 quasi
330 2790 484 2851 vaccillans
496 2793 615 2870 primurn
630 2791 776 2866 consurgit
791 2797 820 2848 et
834 2790 922 2847 omnis

169 2875 304 2955 paulatim
318 2875 390 2936 redit
403 2878 430 2934 in
443 2894 545 2936 sensus
560 2877 735 2952 animamque
750 2881 889 2951 receptat.

169 2961 242 3020 hacc
256 2961 342 3037 igitur
355 2962 438 3020 tantis
452 2960 499 3018 ubi
511 2959 618 3019 morbis
630 2974 753 3036 corpore
765 2959 794 3016 in
808 2958 871 3034 ipso

104 3055 156 3108 505
170 3046 310 3105 iactentur
322 3046 491 3121 miserisque
504 3043 595 3102 modis
607 3041 740 3102 distracta
751 3039 899 3115 laborent,

169 3147 221 3188 cur
232 3128 332 3189 eadem
345 3127 438 3189 credis
450 3129 511 3189 sine
525 3143 648 3205 corpore
659 3126 687 3183 in
699 3131 768 3184 ae're
779 3134 880 3203 aperto

171 3230 235 3272 curn
250 3211 351 3275 validis
363 3213 455 3272 ventis
466 3221 589 3273 aetatem
602 3210 711 3286 degere
728 3205 837 3286 posse?

169 3306 199 3357 et
212 3298 344 3375 quoniam
359 3306 484 3356 mentem
495 3296 604 3371 sanari,
618 3309 724 3370 corpus
735 3302 765 3351 ut
777 3310 914 3370 aegrum,

170 3382 313 3442 cernimus
326 3389 356 3440 et
368 3379 446 3440 ilecti
456 3380 597 3440 medicina
612 3394 702 3456 posse
712 3376 857 3452 videmus,

10 3488 13 3553 g
104 3474 157 3526 510
168 3463 197 3525 id
211 3482 326 3546 quoque
338 3466 482 3543 praesagit
494 3461 642 3524 mortalem
654 3463 752 3520 virere
768 3469 901 3520 mentem.
