2288 3886
117 186 158 255 16
609 184 624 248 l

202 373 285 435 quam
298 374 396 417 rursus
407 355 504 424 relici;
516 372 571 435 qua
581 364 700 434 propter
710 354 796 433 longa
807 354 862 416 diei

201 440 307 501 infinita
317 449 395 500 aetas
408 449 473 500 ante
487 440 543 499 acti
554 439 691 518 temporis
704 441 793 501 omnis

203 522 279 603 quod
290 523 428 601 fregisset
440 521 531 583 adhuc
544 523 703 584 disturbans
716 522 954 603 dissoluensque,

138 621 191 675 560
201 626 350 686 numquam
361 607 471 668 relicuo
480 608 605 685 reparari
616 615 746 686 tempore
757 616 867 685 posset.

200 703 229 754 at
243 711 334 769 nunc,
348 693 492 768 nimirum,
503 689 651 768 frangendi
663 689 772 751 reddita
782 691 844 752 linis

203 787 282 838 certa
291 784 401 852 manet,
416 776 546 853 quoniam
556 776 637 836 reiici
647 793 708 834 rem
720 792 860 854 quamque
871 774 1001 838 videmus

202 871 232 922 et
243 861 318 922 linita
329 858 410 921 simul
422 860 578 937 generatim
589 869 718 937 tempora
728 859 815 920 rebus

202 955 294 1021 stare,
308 945 409 1022 quibus
420 943 532 1042 possint
542 944 606 1002 aeui
617 945 784 1021 contingere
796 943 903 1005 liorem.

137 1041 188 1094 505
199 1029 256 1089 buc
268 1028 379 1090 accedit
391 1030 446 1105 uti,
462 1026 632 1087 solidissima
645 1029 770 1088 materiai

26 1108 29 1115 '
203 1130 324 1191 corpora
339 1131 403 1172 cum
414 1120 544 1173 constant
553 1112 687 1190 possunt
699 1122 795 1171 tamen
808 1128 900 1171 omnia
910 1111 993 1173 reddi

200 1196 379 1275 molliaquae
395 1196 478 1272 iinnt,
492 1201 542 1255 aer
549 1213 659 1274 ,aqua,
673 1204 749 1256 terra
755 1212 915 1274 ,vapores,

202 1299 258 1360 quc
270 1290 355 1360 pacto
368 1280 433 1340 liant
445 1289 474 1339 et
486 1282 577 1358 quavi
589 1296 720 1357 quaeque
731 1289 893 1356 gerantur,

201 1365 352 1425 admixtum
364 1364 493 1440 quoniam
506 1361 597 1422 semel
609 1371 654 1423 est
665 1365 693 1422 in
704 1363 790 1424 rebus
803 1366 899 1424 inane:

136 1457 190 1512 570
200 1458 228 1508 at
242 1457 339 1509 contra
352 1449 376 1506 si
389 1445 485 1506 mollia
497 1448 552 1506 sint
568 1447 719 1525 primordia
729 1465 838 1525 rerum,

200 1532 274 1592 unde
287 1541 390 1610 queant
401 1529 486 1590 validi
497 1529 595 1591 silices
607 1531 770 1609 ierrumque
782 1533 872 1593 creari

200 1634 257 1675 non
268 1616 374 1694 poterit
386 1616 458 1674 ratio
472 1613 567 1674 reddi:
579 1633 642 1674 nam
656 1614 779 1676 funditus
792 1617 881 1676 omnis

200 1700 341 1778 principio
352 1698 522 1759 fundamenti
534 1707 630 1759 natura
643 1700 759 1760 carebit.

201 1793 266 1844 sunt
278 1785 362 1860 igitur
373 1781 464 1843 solida
475 1782 612 1861 pollentia
624 1783 823 1862 simplicitate,

137 1876 187 1931 575
200 1886 318 1947 qnorum
332 1866 477 1928 condenso
489 1868 578 1945 magis
592 1869 684 1927 omnia
697 1867 848 1928 conciliatu

199 1954 280 2013 artari
292 1961 412 2030 possunt
422 1950 587 2029 validasque
598 1950 750 2012 ostendere
762 1952 839 2012 viris.

242 2035 330 2095 Porro
342 2037 366 2095 si
376 2032 480 2095 nullast
492 2033 654 2111 isangendis
665 2033 775 2095 reddita
786 2037 848 2096 bnis

201 2119 387 2198 corporibus,
403 2129 497 2178 tamen
511 2136 549 2176 ex
559 2126 677 2177 aeterno
691 2127 822 2197 tempore
838 2119 976 2198 quaedam

198 2221 273 2264 nunc
286 2204 369 2263 etiam
380 2220 516 2281 superare
531 2211 684 2263 necessest
698 2220 819 2282 corpora
831 2203 936 2282 rebus,

134 2295 187 2350 580
198 2306 270 2367 quac
282 2285 405 2346 nondum
418 2286 530 2347 clueant
542 2283 602 2345 ullc
613 2294 749 2365 temptata
762 2287 889 2366 periclo:

199 2383 227 2432 at
238 2373 369 2452 quoniam
381 2371 474 2448 fragili
485 2380 583 2431 natura
593 2370 720 2448 praedita
733 2381 879 2449 constant,

199 2457 344 2537 discrepat
357 2466 503 2517 aeternnm
514 2465 626 2532 tempus
637 2457 767 2533 potuisse
778 2473 892 2516 manere

198 2540 447 2600 innumerabilibus
460 2538 552 2616 plagis
566 2547 669 2597 vexata
683 2556 736 2617 per
747 2556 856 2598 aevom.

197 2625 320 2702 denique
330 2625 384 2682 iam
398 2624 529 2700 quoniam
539 2623 696 2698 generatim
707 2621 816 2682 reddita
829 2624 890 2684 linis

134 2715 184 2768 585
198 2705 349 2767 crescendi
360 2704 447 2765 rebus
462 2714 572 2765 constat
582 2707 724 2784 vitamque
738 2707 869 2784 tenendi,

197 2799 227 2849 et
240 2789 307 2868 quid
319 2806 449 2868 quaeque
461 2798 565 2866 queant
576 2806 629 2868 per
639 2789 757 2851 foedera
768 2793 891 2868 naturai,

197 2873 264 2951 quid
275 2890 361 2952 perro
374 2882 533 2952 nequeant,
545 2875 683 2934 sancitum
695 2875 922 2954 quandoquidem
933 2884 1028 2958 extat,

196 2975 251 3017 nec
263 2965 448 3017 commutatur
460 2960 624 3036 quicquam,
639 2961 705 3037 quin
718 2961 810 3018 omnia
822 2969 952 3021 constent

196 3059 287 3120 usqne
300 3040 389 3120 adeo,
401 3042 495 3102 variae
507 3041 641 3104 volucres
653 3053 684 3104 ut
694 3045 722 3102 in
735 3043 833 3104 ordine
846 3052 965 3104 cunctae

130 3132 184 3187 590
196 3125 345 3185 ostendant
356 3125 481 3187 maculas
492 3127 636 3203 generalis
651 3145 774 3206 corpore
784 3130 898 3206 inesse,

195 3208 357 3270 inmutabili
369 3210 502 3270 materiae
516 3228 629 3290 quoque
644 3229 749 3290 corpus
764 3211 871 3272 babere

195 3291 317 3371 debent,
331 3295 472 3354 nimirum:
485 3313 546 3354 nam
558 3297 582 3355 si
595 3293 745 3373 primordia
755 3313 850 3357 rerum

196 3379 359 3437 commutari
370 3377 464 3458 aliqua
474 3387 595 3457 possent
606 3381 715 3440 ratione
728 3382 854 3458 revicta,
928 3428 934 3441 .

192 3459 333 3520 incertum
348 3480 462 3569 qupqne
473 3464 526 3522 iam
542 3472 656 3526 constet
668 3464 735 3545 quid
746 3465 840 3546 possit
854 3465 937 3544 oriri,
