2288 3886
114 182 335 271 00,
599 175 627 236 0

200 365 323 427 0000000
334 347 424 426 prima
438 345 544 422 tribus,
558 342 607 405 vel
620 342 704 423 paulo
719 343 848 424 pluribus
861 361 949 423 auge:

198 449 303 510 nempe
314 431 363 491 ubi
377 447 426 490 000
439 428 528 508 partis
539 429 620 489 unius
634 429 765 508 corporis
778 431 886 506 omnis,

200 532 307 578 summa
318 522 404 592 atque
415 514 470 573 ima
480 511 597 590 locans,
609 521 796 574 transmutans
810 512 929 573 dextera
938 509 1052 592 laevis,

201 596 367 661 omnimodis
378 604 516 676 expertus
529 598 603 674 eris,
616 614 699 674 00000
714 598 835 676 quisque
847 596 895 657 det
908 594 979 656 ordo

137 693 190 749 too
201 683 301 744 formai
312 682 442 762 speciem
452 682 539 741 totius
552 682 681 758 corporis
697 682 777 759 eins,

40 767 43 771 ’
201 766 278 848 quod
289 765 478 845 superest‚si
489 762 565 824 forte
575 762 659 825 noles
669 765 779 824 venare
791 765 912 842 figuras,

200 848 358 912 addendum
368 850 455 928 partis
467 846 535 908 alias
548 848 610 907 erit.
632 846 698 908 inde
708 858 863 928 sequetur,

202 932 322 995 adsimili
335 933 444 994 ratione
456 931 526 991 alias
536 940 567 991 ut
577 929 706 1011 postulet
718 931 804 1011 ordo,

202 1019 228 1079 si
239 1027 269 1078 tu
281 1016 357 1077 forte
370 1015 453 1076 voles
467 1017 551 1076 etiem
562 1017 672 1076 variare
686 1016 800 1094 figuras.

138 1111 191 1167 495
203 1119 275 1179 ergo
288 1102 439 1162 formarum
453 1101 607 1160 novitatem
618 1101 749 1178 corporis
760 1117 881 1178 augmen

202 1186 394 1264 subsequitur.
407 1201 494 1262 quara
505 1201 562 1243 non
573 1191 619 1244 est
630 1192 660 1244 ut
671 1183 790 1244 credere
801 1185 897 1264 possis

203 1289 272 1331 esse
282 1270 396 1330 infinitis
409 1267 540 1328 distantia
549 1269 658 1328 semina
669 1266 784 1344 formis,

203 1372 241 1413 ne
251 1353 387 1432 quaedam
399 1368 488 1429 cogas
499 1352 601 1411 inmani
612 1351 783 1412 maximitate

206 1454 290 1514 esse,
303 1453 388 1516 supra
400 1434 541 1514 quodiam
556 1434 640 1495 docui
651 1452 708 1495 non
718 1453 808 1515 posse
819 1433 942 1514 probari.

140 1533 193 1586 coo
206 1522 260 1580 iarn
270 1519 321 1582 tibi
333 1520 497 1580 barbaricae
507 1528 607 1580 restes
620 1517 821 1599 Meliboeaque
832 1517 947 1596 fulgens

206 1621 331 1685 purpura
343 1601 511 1664 Thessalico
525 1602 695 1663 concharum
707 1613 782 1665 tacta
798 1601 897 1663 colore

207 1686 351 1767 caudaque
363 1704 504 1767 pavonum
516 1687 619 1747 ridenti
633 1688 738 1749 imbuta
748 1687 851 1767 lepore

208 1789 295 1833 caeca
306 1789 382 1832 novo
392 1789 487 1832 rerum
498 1780 631 1850 superata
644 1771 743 1833 colore
754 1773 882 1832 iacerent

208 1864 238 1916 et
250 1864 429 1934 contemptus
442 1853 513 1916 odor
525 1873 656 1931 smyrnae
667 1855 819 1934 mellisque
831 1870 967 1932 sapores,

143 1950 195 2004 505
206 1949 236 2000 et
248 1957 356 2016 cycnea
366 1938 442 2000 mele
456 1939 648 2018 Phoebeaque
660 1939 777 2000 daedala
789 1938 903 1999 chordis

207 2027 329 2085 carmina
340 2022 480 2084 consimili
490 2025 600 2084 ratione
613 2041 754 2103 00000000
767 2023 901 2085 silerent:

206 2124 327 2185 namque
338 2106 401 2167 aliis
412 2106 487 2167 aliud
498 2109 687 2187 praestantius
699 2117 876 2168 exoneretur.

209 2191 316 2252 cedere
327 2191 395 2252 item
405 2199 484 2251 retro
495 2200 616 2269 possent
629 2193 658 2250 in
669 2190 830 2252 deteriores

208 2276 299 2335 omnia
311 2275 355 2335 sic
367 2275 474 2354 partis,
489 2284 520 2336 ut
533 2274 653 2336 diximus
664 2277 693 2335 iu
704 2276 846 2336 melioris:
916 2344 919 2349 s

144 2371 196 2422 tto
208 2376 328 2437 namque
339 2358 402 2420 eliis
413 2358 488 2419 aliud
500 2368 578 2419 retro
593 2377 708 2439 quoque
721 2361 838 2420 taetrius
850 2365 930 2420 esset

207 2443 321 2505 naribus
335 2444 448 2505 auribus
460 2452 546 2523 atque
559 2442 651 2504 oeulis
662 2447 778 2523 orisque
792 2445 896 2522 sapori.

209 2545 282 2607 quae
295 2530 425 2606 quoniam
437 2546 494 2588 non
508 2537 592 2605 sunt,
604 2529 661 2589 secl
672 2529 760 2589 rebus
771 2527 881 2588 reddita
894 2535 974 2586 certa

209 2613 272 2672 linis
284 2613 426 2690 utrimque
436 2620 516 2672 tenet
527 2629 680 2690 summam,
693 2611 801 2673 fateare
814 2619 966 2690 necessest
1036 2627 1039 2633 ·

208 2695 354 2755 materiem
366 2712 481 2773 quoque
497 2695 582 2756 linitis
594 2694 709 2756 differre
723 2697 831 2774 liguris.

146 2791 197 2842 ert
209 2778 333 2857 deniqne
344 2779 379 2838 ab
390 2778 504 2856 ignibus
515 2777 550 2838 ad
561 2777 670 2856 gelidos
682 2782 736 2840 iter
747 2798 839 2860 usque
850 2779 963 2859 pruinas

210 2862 345 2922 finitumst
355 2870 493 2941 retroque
504 2865 564 2941 peri
575 2864 685 2924 ratione
697 2872 895 2925 remensumst.

209 2944 296 3005 ambit
308 2947 382 3006 enim
397 2945 476 3006 calor
487 2964 521 3006 ac
533 2945 640 3025 frigus,
652 2947 794 3027 mediique
807 2957 926 3026 tepores

209 3031 404 3110 interutraque
415 3032 509 3091 iacent
523 3030 675 3109 explentes
687 3031 785 3092 ordine
798 3047 947 3092 summam:

210 3129 281 3190 ergo
293 3114 368 3174 linita
381 3113 483 3176 distant
492 3116 601 3176 ratione
613 3124 723 3192 creata,

146 3205 199 3259 520
209 3197 324 3275 ancipiti
337 3201 469 3278 quoniam
480 3200 608 3259 mucroni
620 3201 761 3277 utrimque
772 3206 919 3276 notantur,

209 3280 276 3340 binc
290 3281 408 3344 dammis
420 3281 500 3343 illinc
511 3282 610 3360 rigidis
621 3281 726 3343 infesta
736 3284 852 3362 pruinis.

145 3418 147 3422 ,
246 3361 258 3446 ΙΙ
274 3362 357 3438 Quot
369 3369 501 3445 quoniam
513 3364 615 3444 docui,
628 3383 746 3444 pergam
757 3375 912 3427 conectere
924 3382 985 3424 rem
998 3381 1072 3442 quae

211 3466 250 3509 ex
259 3448 317 3509 boe
328 3458 393 3529 apta
403 3450 488 3512 lidem
498 3449 597 3530 ducat,
609 3449 762 3529 primordia
774 3467 887 3529 rorum,
