<?xml version="1.0" encoding="UTF-8"?>
<!DOCTYPE html PUBLIC "-//W3C//DTD XHTML 1.0 Transitional//EN"
    "http://www.w3.org/TR/xhtml1/DTD/xhtml1-transitional.dtd">
<html xmlns="http://www.w3.org/1999/xhtml" xml:lang="en" lang="en">
 <head>
  <title>
</title>
<meta http-equiv="Content-Type" content="text/html;charset=utf-8" />
  <meta name='ocr-system' content='tesseract 3.04.00' />
  <meta name='ocr-capabilities' content='ocr_page ocr_carea ocr_par ocr_line ocrx_word'/>
</head>
<body>
  <div class='ocr_page' id='page_1' title='image "./tlucreticarider07carugoog_0073.png"; bbox 0 0 2288 3886; ppageno 0'>
   <div class='ocr_carea' id='block_1_1' title="bbox 560 201 590 267">
    <p class='ocr_par' dir='ltr' id='par_1_1' title="bbox 560 201 590 267">
     <span class='ocr_line' id='line_1_1' title="bbox 560 201 590 267; baseline 0 0"><span class='ocrx_word' id='word_1_1' title='bbox 560 201 590 267; x_wconf 94' lang='lat' dir='ltr'><strong>ll</strong></span> 
     </span>
    </p>
   </div>
   <div class='ocr_carea' id='block_1_2' title="bbox 53 370 991 3578">
    <p class='ocr_par' dir='ltr' id='par_1_2' title="bbox 152 370 750 538">
     <span class='ocr_line' id='line_1_2' title="bbox 160 370 750 452; baseline 0 -18"><span class='ocrx_word' id='word_1_2' title='bbox 160 383 173 434; x_wconf 93' lang='lat' dir='ltr'><strong>t</strong></span> <span class='ocrx_word' id='word_1_3' title='bbox 188 374 292 452; x_wconf 76' lang='lat' dir='ltr'><strong>nigros</strong></span> <span class='ocrx_word' id='word_1_4' title='bbox 305 372 368 433; x_wconf 86' lang='lat' dir='ltr'><strong>lieri</strong></span> <span class='ocrx_word' id='word_1_5' title='bbox 381 372 462 452; x_wconf 75' lang='lat' dir='ltr'><strong>nigro</strong></span> <span class='ocrx_word' id='word_1_6' title='bbox 474 370 629 432; x_wconf 89' lang='lat' dir='ltr'><strong>desemine</strong></span> <span class='ocrx_word' id='word_1_7' title='bbox 643 390 750 448; x_wconf 74' lang='lat' dir='ltr'><strong>cycnos</strong></span> 
     </span>
     <span class='ocr_line' id='line_1_3' title="bbox 152 454 719 538; baseline -0.007 -19"><span class='ocrx_word' id='word_1_8' title='bbox 152 468 196 519; x_wconf 81' lang='lat' dir='ltr'><strong>tut</strong></span> <span class='ocrx_word' id='word_1_9' title='bbox 209 457 268 517; x_wconf 90' lang='lat' dir='ltr'><strong>alio</strong></span> <span class='ocrx_word' id='word_1_10' title='bbox 281 458 383 538; x_wconf 85' lang='lat' dir='ltr'><strong>quovis</strong></span> <span class='ocrx_word' id='word_1_11' title='bbox 395 472 451 517; x_wconf 91' lang='lat' dir='ltr'><strong>uno</strong></span> <span class='ocrx_word' id='word_1_12' title='bbox 463 457 599 535; x_wconf 85' lang='lat' dir='ltr'><strong>varioque</strong></span> <span class='ocrx_word' id='word_1_13' title='bbox 612 454 719 517; x_wconf 90' lang='lat' dir='ltr'><strong>colore.</strong></span> 
     </span>
    </p>

    <p class='ocr_par' dir='ltr' id='par_1_3' title="bbox 142 541 967 874">
     <span class='ocr_line' id='line_1_4' title="bbox 188 541 967 621; baseline 0.004 -20"><span class='ocrx_word' id='word_1_14' title='bbox 188 541 363 616; x_wconf 87' lang='lat' dir='ltr'><strong>Quinetiam</strong></span> <span class='ocrx_word' id='word_1_15' title='bbox 378 550 482 620; x_wconf 90' lang='lat' dir='ltr'><strong>quanto</strong></span> <span class='ocrx_word' id='word_1_16' title='bbox 495 542 524 599; x_wconf 92' lang='lat' dir='ltr'><strong>in</strong></span> <span class='ocrx_word' id='word_1_17' title='bbox 535 550 633 619; x_wconf 88' lang='lat' dir='ltr'><strong>pantes</strong></span> <span class='ocrx_word' id='word_1_18' title='bbox 645 559 694 602; x_wconf 89' lang='lat' dir='ltr'><strong>ros</strong></span> <span class='ocrx_word' id='word_1_19' title='bbox 706 560 836 621; x_wconf 86' lang='lat' dir='ltr'><strong>quaeque</strong></span> <span class='ocrx_word' id='word_1_20' title='bbox 848 544 967 604; x_wconf 91' lang='lat' dir='ltr'><strong>minutas</strong></span> 
     </span>
     <span class='ocr_line' id='line_1_5' title="bbox 142 624 939 707; baseline 0 -20"><span class='ocrx_word' id='word_1_21' title='bbox 142 625 313 688; x_wconf 73' lang='lat' dir='ltr'><strong>distrahitur</strong></span> <span class='ocrx_word' id='word_1_22' title='bbox 324 627 431 703; x_wconf 79' lang='lat' dir='ltr'><strong>magis,</strong></span> <span class='ocrx_word' id='word_1_23' title='bbox 443 624 500 685; x_wconf 93' lang='lat' dir='ltr'><strong>hoc</strong></span> <span class='ocrx_word' id='word_1_24' title='bbox 511 626 600 702; x_wconf 80' lang='lat' dir='ltr'><strong>magis</strong></span> <span class='ocrx_word' id='word_1_25' title='bbox 614 634 659 685; x_wconf 92' lang='lat' dir='ltr'><strong>est</strong></span> <span class='ocrx_word' id='word_1_26' title='bbox 670 635 700 685; x_wconf 90' lang='lat' dir='ltr'><strong>ut</strong></span> <span class='ocrx_word' id='word_1_27' title='bbox 712 644 832 688; x_wconf 86' lang='lat' dir='ltr'><strong>cernere</strong></span> <span class='ocrx_word' id='word_1_28' title='bbox 843 630 939 707; x_wconf 83' lang='lat' dir='ltr'><strong>possis</strong></span> 
     </span>
     <span class='ocr_line' id='line_1_6' title="bbox 143 708 800 790; baseline -0.003 -18"><span class='ocrx_word' id='word_1_29' title='bbox 143 729 328 772; x_wconf 84' lang='lat' dir='ltr'><strong>evanescere</strong></span> <span class='ocrx_word' id='word_1_30' title='bbox 339 708 472 790; x_wconf 91' lang='lat' dir='ltr'><strong>paulatim</strong></span> <span class='ocrx_word' id='word_1_31' title='bbox 483 710 646 788; x_wconf 80' lang='lat' dir='ltr'><strong>stinguique</strong></span> <span class='ocrx_word' id='word_1_32' title='bbox 658 709 800 780; x_wconf 89' lang='lat' dir='ltr'><strong>colonom;</strong></span> 
     </span>
     <span class='ocr_line' id='line_1_7' title="bbox 142 793 787 874; baseline -0.002 -19"><span class='ocrx_word' id='word_1_33' title='bbox 142 806 175 857; x_wconf 89' lang='lat' dir='ltr'><strong>ut</strong></span> <span class='ocrx_word' id='word_1_34' title='bbox 190 796 222 856; x_wconf 86' lang='lat' dir='ltr'><strong>fit</strong></span> <span class='ocrx_word' id='word_1_35' title='bbox 233 796 281 856; x_wconf 88' lang='lat' dir='ltr'><strong>uhi</strong></span> <span class='ocrx_word' id='word_1_36' title='bbox 292 797 321 854; x_wconf 89' lang='lat' dir='ltr'><strong>in</strong></span> <span class='ocrx_word' id='word_1_37' title='bbox 332 812 434 874; x_wconf 88' lang='lat' dir='ltr'><strong>parvas</strong></span> <span class='ocrx_word' id='word_1_38' title='bbox 448 795 536 873; x_wconf 85' lang='lat' dir='ltr'><strong>partis</strong></span> <span class='ocrx_word' id='word_1_39' title='bbox 548 793 720 872; x_wconf 77' lang='lat' dir='ltr'><strong>discerpitur</strong></span> <span class='ocrx_word' id='word_1_40' title='bbox 734 813 787 856; x_wconf 92' lang='lat' dir='ltr'><strong>usu</strong></span> 
     </span>
    </p>

    <p class='ocr_par' dir='ltr' id='par_1_4' title="bbox 124 877 963 1213">
     <span class='ocr_line' id='line_1_8' title="bbox 124 877 902 960; baseline 0.004 -22"><span class='ocrx_word' id='word_1_41' title='bbox 124 901 129 938; x_wconf 75' lang='lat' dir='ltr'><strong>r</strong></span> <span class='ocrx_word' id='word_1_42' title='bbox 141 898 289 960; x_wconf 88' lang='lat' dir='ltr'><strong>purpura,</strong></span> <span class='ocrx_word' id='word_1_43' title='bbox 301 880 519 958; x_wconf 83' lang='lat' dir='ltr'><strong>poeniceusque</strong></span> <span class='ocrx_word' id='word_1_44' title='bbox 531 877 614 938; x_wconf 91' lang='lat' dir='ltr'><strong>color</strong></span> <span class='ocrx_word' id='word_1_45' title='bbox 625 877 790 939; x_wconf 87' lang='lat' dir='ltr'><strong>clarissimu’</strong></span> <span class='ocrx_word' id='word_1_46' title='bbox 802 880 902 959; x_wconf 87' lang='lat' dir='ltr'><strong>multo,</strong></span> 
     </span>
     <span class='ocr_line' id='line_1_9' title="bbox 143 961 841 1043; baseline 0 -18"><span class='ocrx_word' id='word_1_47' title='bbox 143 964 245 1025; x_wconf 84' lang='lat' dir='ltr'><strong>filatim</strong></span> <span class='ocrx_word' id='word_1_48' title='bbox 256 981 320 1025; x_wconf 87' lang='lat' dir='ltr'><strong>cum</strong></span> <span class='ocrx_word' id='word_1_49' title='bbox 331 963 465 1025; x_wconf 88' lang='lat' dir='ltr'><strong>distracta</strong></span> <span class='ocrx_word' id='word_1_50' title='bbox 476 972 538 1040; x_wconf 88' lang='lat' dir='ltr'><strong>est,</strong></span> <span class='ocrx_word' id='word_1_51' title='bbox 552 961 724 1043; x_wconf 77' lang='lat' dir='ltr'><strong>dispergitur</strong></span> <span class='ocrx_word' id='word_1_52' title='bbox 735 965 841 1034; x_wconf 91' lang='lat' dir='ltr'><strong>omnis;</strong></span> 
     </span>
     <span class='ocr_line' id='line_1_10' title="bbox 143 1047 963 1126; baseline 0.001 -18"><span class='ocrx_word' id='word_1_53' title='bbox 143 1066 273 1110; x_wconf 89' lang='lat' dir='ltr'><strong>noscere</strong></span> <span class='ocrx_word' id='word_1_54' title='bbox 285 1056 316 1107; x_wconf 91' lang='lat' dir='ltr'><strong>nt</strong></span> <span class='ocrx_word' id='word_1_55' title='bbox 325 1047 391 1108; x_wconf 92' lang='lat' dir='ltr'><strong>hinc</strong></span> <span class='ocrx_word' id='word_1_56' title='bbox 402 1048 498 1126; x_wconf 89' lang='lat' dir='ltr'><strong>possis</strong></span> <span class='ocrx_word' id='word_1_57' title='bbox 511 1048 590 1126; x_wconf 87' lang='lat' dir='ltr'><strong>prius</strong></span> <span class='ocrx_word' id='word_1_58' title='bbox 601 1065 712 1107; x_wconf 89' lang='lat' dir='ltr'><strong>omnem</strong></span> <span class='ocrx_word' id='word_1_59' title='bbox 724 1047 823 1108; x_wconf 79' lang='lat' dir='ltr'><strong>efflare</strong></span> <span class='ocrx_word' id='word_1_60' title='bbox 836 1049 963 1111; x_wconf 89' lang='lat' dir='ltr'><strong>colorem</strong></span> 
     </span>
     <span class='ocr_line' id='line_1_11' title="bbox 142 1130 856 1213; baseline -0.001 -19"><span class='ocrx_word' id='word_1_61' title='bbox 142 1131 319 1213; x_wconf 87' lang='lat' dir='ltr'><strong>particulas,</strong></span> <span class='ocrx_word' id='word_1_62' title='bbox 331 1149 413 1212; x_wconf 87' lang='lat' dir='ltr'><strong>quam</strong></span> <span class='ocrx_word' id='word_1_63' title='bbox 425 1130 572 1192; x_wconf 88' lang='lat' dir='ltr'><strong>discedant</strong></span> <span class='ocrx_word' id='word_1_64' title='bbox 584 1132 617 1192; x_wconf 87' lang='lat' dir='ltr'><strong>ad</strong></span> <span class='ocrx_word' id='word_1_65' title='bbox 634 1134 741 1192; x_wconf 87' lang='lat' dir='ltr'><strong>semina</strong></span> <span class='ocrx_word' id='word_1_66' title='bbox 753 1150 856 1194; x_wconf 84' lang='lat' dir='ltr'><strong>rerum.</strong></span> 
     </span>
    </p>

    <p class='ocr_par' dir='ltr' id='par_1_5' title="bbox 190 1216 908 1296">
     <span class='ocr_line' id='line_1_12' title="bbox 190 1216 908 1296; baseline 0 -19"><span class='ocrx_word' id='word_1_67' title='bbox 190 1216 340 1278; x_wconf 88' lang='lat' dir='ltr'><strong>Postremo</strong></span> <span class='ocrx_word' id='word_1_68' title='bbox 353 1217 483 1296; x_wconf 82' lang='lat' dir='ltr'><strong>quondam</strong></span> <span class='ocrx_word' id='word_1_69' title='bbox 498 1233 555 1276; x_wconf 88' lang='lat' dir='ltr'><strong>non</strong></span> <span class='ocrx_word' id='word_1_70' title='bbox 569 1219 661 1277; x_wconf 90' lang='lat' dir='ltr'><strong>omnia</strong></span> <span class='ocrx_word' id='word_1_71' title='bbox 672 1234 794 1295; x_wconf 89' lang='lat' dir='ltr'><strong>corpora</strong></span> <span class='ocrx_word' id='word_1_72' title='bbox 805 1235 908 1279; x_wconf 86' lang='lat' dir='ltr'><strong>vocem</strong></span> 
     </span>
    </p>

    <p class='ocr_par' dir='ltr' id='par_1_6' title="bbox 73 1300 956 1889">
     <span class='ocr_line' id='line_1_13' title="bbox 96 1300 872 1381; baseline -0.003 -15"><span class='ocrx_word' id='word_1_73' title='bbox 96 1312 132 1366; x_wconf 77' lang='lat'><strong>35</strong></span> <span class='ocrx_word' id='word_1_74' title='bbox 143 1304 260 1362; x_wconf 86' lang='lat' dir='ltr'><strong>mittere</strong></span> <span class='ocrx_word' id='word_1_75' title='bbox 273 1301 410 1362; x_wconf 91' lang='lat' dir='ltr'><strong>concedis</strong></span> <span class='ocrx_word' id='word_1_76' title='bbox 421 1318 516 1379; x_wconf 88' lang='lat' dir='ltr'><strong>neque</strong></span> <span class='ocrx_word' id='word_1_77' title='bbox 527 1300 662 1379; x_wconf 89' lang='lat' dir='ltr'><strong>odorem,</strong></span> <span class='ocrx_word' id='word_1_78' title='bbox 674 1312 829 1381; x_wconf 87' lang='lat' dir='ltr'><strong>propterca</strong></span> <span class='ocrx_word' id='word_1_79' title='bbox 843 1304 872 1364; x_wconf 87' lang='lat' dir='ltr'><strong>m</strong></span> 
     </span>
     <span class='ocr_line' id='line_1_14' title="bbox 144 1384 839 1448; baseline 0.001 -2"><span class='ocrx_word' id='word_1_80' title='bbox 144 1396 178 1447; x_wconf 90' lang='lat' dir='ltr'><strong>ut</strong></span> <span class='ocrx_word' id='word_1_81' title='bbox 190 1404 247 1447; x_wconf 89' lang='lat' dir='ltr'><strong>non</strong></span> <span class='ocrx_word' id='word_1_82' title='bbox 259 1387 388 1448; x_wconf 87' lang='lat' dir='ltr'><strong>omnibus</strong></span> <span class='ocrx_word' id='word_1_83' title='bbox 399 1384 541 1446; x_wconf 82' lang='lat' dir='ltr'><strong>adtribuas</strong></span> <span class='ocrx_word' id='word_1_84' title='bbox 552 1388 662 1448; x_wconf 91' lang='lat' dir='ltr'><strong>sonitus</strong></span> <span class='ocrx_word' id='word_1_85' title='bbox 677 1396 707 1447; x_wconf 94' lang='lat' dir='ltr'><strong>et</strong></span> <span class='ocrx_word' id='word_1_86' title='bbox 718 1386 839 1448; x_wconf 87' lang='lat' dir='ltr'><strong>odores:</strong></span> 
     </span>
     <span class='ocr_line' id='line_1_15' title="bbox 144 1469 884 1552; baseline 0.001 -20"><span class='ocrx_word' id='word_1_87' title='bbox 144 1473 192 1532; x_wconf 89' lang='lat' dir='ltr'><strong>sic</strong></span> <span class='ocrx_word' id='word_1_88' title='bbox 207 1469 299 1532; x_wconf 92' lang='lat' dir='ltr'><strong>oculis</strong></span> <span class='ocrx_word' id='word_1_89' title='bbox 312 1472 443 1551; x_wconf 90' lang='lat' dir='ltr'><strong>quoniam</strong></span> <span class='ocrx_word' id='word_1_90' title='bbox 452 1486 509 1529; x_wconf 93' lang='lat' dir='ltr'><strong>non</strong></span> <span class='ocrx_word' id='word_1_91' title='bbox 520 1472 612 1531; x_wconf 91' lang='lat' dir='ltr'><strong>omnia</strong></span> <span class='ocrx_word' id='word_1_92' title='bbox 623 1489 744 1532; x_wconf 86' lang='lat' dir='ltr'><strong>cernere</strong></span> <span class='ocrx_word' id='word_1_93' title='bbox 757 1474 884 1552; x_wconf 83' lang='lat' dir='ltr'><strong>quimus,</strong></span> 
     </span>
     <span class='ocr_line' id='line_1_16' title="bbox 144 1553 860 1634; baseline 0.001 -17"><span class='ocrx_word' id='word_1_94' title='bbox 144 1557 223 1617; x_wconf 89' lang='lat' dir='ltr'><strong>scire</strong></span> <span class='ocrx_word' id='word_1_95' title='bbox 235 1553 305 1616; x_wconf 85' lang='lat' dir='ltr'><strong>licet</strong></span> <span class='ocrx_word' id='word_1_96' title='bbox 319 1555 455 1634; x_wconf 87' lang='lat' dir='ltr'><strong>quaedam</strong></span> <span class='ocrx_word' id='word_1_97' title='bbox 465 1565 521 1615; x_wconf 87' lang='lat' dir='ltr'><strong>tarn</strong></span> <span class='ocrx_word' id='word_1_98' title='bbox 535 1565 666 1616; x_wconf 74' lang='lat' dir='ltr'><strong>constare</strong></span> <span class='ocrx_word' id='word_1_99' title='bbox 681 1557 750 1617; x_wconf 88' lang='lat' dir='ltr'><strong>orba</strong></span> <span class='ocrx_word' id='word_1_100' title='bbox 762 1556 860 1618; x_wconf 89' lang='lat' dir='ltr'><strong>colore</strong></span> 
     </span>
     <span class='ocr_line' id='line_1_17' title="bbox 145 1638 921 1721; baseline 0.003 -21"><span class='ocrx_word' id='word_1_101' title='bbox 145 1657 230 1719; x_wconf 88' lang='lat' dir='ltr'><strong>quam</strong></span> <span class='ocrx_word' id='word_1_102' title='bbox 241 1642 304 1700; x_wconf 89' lang='lat' dir='ltr'><strong>sinc</strong></span> <span class='ocrx_word' id='word_1_103' title='bbox 316 1639 404 1700; x_wconf 90' lang='lat' dir='ltr'><strong>odore</strong></span> <span class='ocrx_word' id='word_1_104' title='bbox 416 1638 476 1699; x_wconf 92' lang='lat' dir='ltr'><strong>ullo</strong></span> <span class='ocrx_word' id='word_1_105' title='bbox 488 1639 624 1718; x_wconf 88' lang='lat' dir='ltr'><strong>quaedam</strong></span> <span class='ocrx_word' id='word_1_106' title='bbox 635 1642 787 1721; x_wconf 92' lang='lat' dir='ltr'><strong>sonituque</strong></span> <span class='ocrx_word' id='word_1_107' title='bbox 798 1653 921 1720; x_wconf 87' lang='lat' dir='ltr'><strong>remota,</strong></span> 
     </span>
     <span class='ocr_line' id='line_1_18' title="bbox 73 1724 956 1806; baseline -0.006 -17"><span class='ocrx_word' id='word_1_108' title='bbox 73 1734 134 1789; x_wconf 79' lang='lat'><strong>840</strong></span> <span class='ocrx_word' id='word_1_109' title='bbox 142 1742 202 1785; x_wconf 90' lang='lat' dir='ltr'><strong>nec</strong></span> <span class='ocrx_word' id='word_1_110' title='bbox 212 1726 304 1784; x_wconf 87' lang='lat' dir='ltr'><strong>minus</strong></span> <span class='ocrx_word' id='word_1_111' title='bbox 316 1724 388 1785; x_wconf 91' lang='lat' dir='ltr'><strong>haec</strong></span> <span class='ocrx_word' id='word_1_112' title='bbox 399 1725 519 1784; x_wconf 89' lang='lat' dir='ltr'><strong>animum</strong></span> <span class='ocrx_word' id='word_1_113' title='bbox 532 1742 712 1802; x_wconf 80' lang='lat' dir='ltr'><strong>cognoscere</strong></span> <span class='ocrx_word' id='word_1_114' title='bbox 722 1744 812 1805; x_wconf 89' lang='lat' dir='ltr'><strong>posse</strong></span> <span class='ocrx_word' id='word_1_115' title='bbox 824 1745 956 1806; x_wconf 79' lang='lat' dir='ltr'><strong>sagacem</strong></span> 
     </span>
     <span class='ocr_line' id='line_1_19' title="bbox 145 1807 806 1889; baseline 0 -20"><span class='ocrx_word' id='word_1_116' title='bbox 145 1826 229 1889; x_wconf 60' lang='lat' dir='ltr'><strong>marn</strong></span> <span class='ocrx_word' id='word_1_117' title='bbox 243 1826 317 1888; x_wconf 88' lang='lat' dir='ltr'><strong>quae</strong></span> <span class='ocrx_word' id='word_1_118' title='bbox 333 1818 397 1869; x_wconf 91' lang='lat' dir='ltr'><strong>sunt</strong></span> <span class='ocrx_word' id='word_1_119' title='bbox 408 1807 470 1868; x_wconf 89' lang='lat' dir='ltr'><strong>aliis</strong></span> <span class='ocrx_word' id='word_1_120' title='bbox 482 1808 569 1868; x_wconf 90' lang='lat' dir='ltr'><strong>rebus</strong></span> <span class='ocrx_word' id='word_1_121' title='bbox 580 1810 688 1887; x_wconf 84' lang='lat' dir='ltr'><strong>privata</strong></span> <span class='ocrx_word' id='word_1_122' title='bbox 699 1819 806 1871; x_wconf 88' lang='lat' dir='ltr'><strong>notare.</strong></span> 
     </span>
    </p>

    <p class='ocr_par' dir='ltr' id='par_1_7' title="bbox 144 1891 861 2142">
     <span class='ocr_line' id='line_1_20' title="bbox 187 1891 795 1972; baseline 0 -20"><span class='ocrx_word' id='word_1_123' title='bbox 187 1893 247 1954; x_wconf 88' lang='lat' dir='ltr'><strong>Sed</strong></span> <span class='ocrx_word' id='word_1_124' title='bbox 256 1911 295 1952; x_wconf 91' lang='lat' dir='ltr'><strong>uc</strong></span> <span class='ocrx_word' id='word_1_125' title='bbox 306 1892 380 1953; x_wconf 87' lang='lat' dir='ltr'><strong>forte</strong></span> <span class='ocrx_word' id='word_1_126' title='bbox 391 1902 476 1972; x_wconf 91' lang='lat' dir='ltr'><strong>putes</strong></span> <span class='ocrx_word' id='word_1_127' title='bbox 488 1891 553 1952; x_wconf 90' lang='lat' dir='ltr'><strong>solo</strong></span> <span class='ocrx_word' id='word_1_128' title='bbox 565 1892 685 1971; x_wconf 89' lang='lat' dir='ltr'><strong>spoliata</strong></span> <span class='ocrx_word' id='word_1_129' title='bbox 697 1893 795 1952; x_wconf 90' lang='lat' dir='ltr'><strong>colore</strong></span> 
     </span>
     <span class='ocr_line' id='line_1_21' title="bbox 146 1978 861 2057; baseline 0 -19"><span class='ocrx_word' id='word_1_130' title='bbox 146 1994 270 2057; x_wconf 86' lang='lat' dir='ltr'><strong>corpora</strong></span> <span class='ocrx_word' id='word_1_131' title='bbox 281 1979 369 2055; x_wconf 90' lang='lat' dir='ltr'><strong>prima</strong></span> <span class='ocrx_word' id='word_1_132' title='bbox 379 1994 510 2053; x_wconf 89' lang='lat' dir='ltr'><strong>manere,</strong></span> <span class='ocrx_word' id='word_1_133' title='bbox 530 1978 613 2036; x_wconf 88' lang='lat' dir='ltr'><strong>etiam</strong></span> <span class='ocrx_word' id='word_1_134' title='bbox 627 1986 741 2037; x_wconf 88' lang='lat' dir='ltr'><strong>secreta</strong></span> <span class='ocrx_word' id='word_1_135' title='bbox 752 1978 861 2056; x_wconf 89' lang='lat' dir='ltr'><strong>teporis</strong></span> 
     </span>
     <span class='ocr_line' id='line_1_22' title="bbox 144 2059 805 2142; baseline -0.002 -19"><span class='ocrx_word' id='word_1_136' title='bbox 144 2071 210 2124; x_wconf 88' lang='lat' dir='ltr'><strong>sunt</strong></span> <span class='ocrx_word' id='word_1_137' title='bbox 221 2080 255 2123; x_wconf 90' lang='lat' dir='ltr'><strong>ac</strong></span> <span class='ocrx_word' id='word_1_138' title='bbox 269 2059 383 2139; x_wconf 83' lang='lat' dir='ltr'><strong>frigoris</strong></span> <span class='ocrx_word' id='word_1_139' title='bbox 396 2062 508 2122; x_wconf 92' lang='lat' dir='ltr'><strong>omnino</strong></span> <span class='ocrx_word' id='word_1_140' title='bbox 522 2060 661 2141; x_wconf 88' lang='lat' dir='ltr'><strong>calidique</strong></span> <span class='ocrx_word' id='word_1_141' title='bbox 672 2064 805 2142; x_wconf 89' lang='lat' dir='ltr'><strong>vaporis,</strong></span> 
     </span>
    </p>

    <p class='ocr_par' dir='ltr' id='par_1_8' title="bbox 80 2146 782 2224">
     <span class='ocr_line' id='line_1_23' title="bbox 80 2146 782 2224; baseline -0.009 -12"><span class='ocrx_word' id='word_1_142' title='bbox 80 2155 129 2212; x_wconf 75' lang='lat' dir='ltr'><strong>tte</strong></span> <span class='ocrx_word' id='word_1_143' title='bbox 141 2155 175 2208; x_wconf 88' lang='lat' dir='ltr'><strong>et</strong></span> <span class='ocrx_word' id='word_1_144' title='bbox 187 2147 283 2207; x_wconf 91' lang='lat' dir='ltr'><strong>sonitu</strong></span> <span class='ocrx_word' id='word_1_145' title='bbox 295 2146 393 2207; x_wconf 90' lang='lat' dir='ltr'><strong>sterila</strong></span> <span class='ocrx_word' id='word_1_146' title='bbox 408 2155 437 2206; x_wconf 91' lang='lat' dir='ltr'><strong>ct</strong></span> <span class='ocrx_word' id='word_1_147' title='bbox 451 2163 522 2205; x_wconf 91' lang='lat' dir='ltr'><strong>suco</strong></span> <span class='ocrx_word' id='word_1_148' title='bbox 534 2148 627 2208; x_wconf 90' lang='lat' dir='ltr'><strong>ieiuna</strong></span> <span class='ocrx_word' id='word_1_149' title='bbox 638 2146 782 2224; x_wconf 81' lang='lat' dir='ltr'><strong>feruntur,</strong></span> 
     </span>
    </p>

    <p class='ocr_par' dir='ltr' id='par_1_9' title="bbox 141 2230 947 2562">
     <span class='ocr_line' id='line_1_24' title="bbox 141 2230 870 2310; baseline 0 -19"><span class='ocrx_word' id='word_1_150' title='bbox 141 2248 202 2291; x_wconf 90' lang='lat' dir='ltr'><strong>nec</strong></span> <span class='ocrx_word' id='word_1_151' title='bbox 212 2232 318 2290; x_wconf 90' lang='lat' dir='ltr'><strong>iaciunt</strong></span> <span class='ocrx_word' id='word_1_152' title='bbox 332 2230 420 2289; x_wconf 90' lang='lat' dir='ltr'><strong>ullum</strong></span> <span class='ocrx_word' id='word_1_153' title='bbox 430 2232 547 2308; x_wconf 89' lang='lat' dir='ltr'><strong>proprio</strong></span> <span class='ocrx_word' id='word_1_154' title='bbox 559 2231 595 2291; x_wconf 95' lang='lat' dir='ltr'><strong>de</strong></span> <span class='ocrx_word' id='word_1_155' title='bbox 610 2249 732 2310; x_wconf 87' lang='lat' dir='ltr'><strong>corpore</strong></span> <span class='ocrx_word' id='word_1_156' title='bbox 745 2231 870 2292; x_wconf 89' lang='lat' dir='ltr'><strong>odorem.</strong></span> 
     </span>
     <span class='ocr_line' id='line_1_25' title="bbox 143 2311 852 2395; baseline -0.003 -19"><span class='ocrx_word' id='word_1_157' title='bbox 143 2317 219 2377; x_wconf 90' lang='lat' dir='ltr'><strong>sicut</strong></span> <span class='ocrx_word' id='word_1_158' title='bbox 232 2316 380 2374; x_wconf 88' lang='lat' dir='ltr'><strong>amaracini</strong></span> <span class='ocrx_word' id='word_1_159' title='bbox 391 2311 522 2375; x_wconf 86' lang='lat' dir='ltr'><strong>blandum</strong></span> <span class='ocrx_word' id='word_1_160' title='bbox 535 2323 701 2394; x_wconf 89' lang='lat' dir='ltr'><strong>stactaeque</strong></span> <span class='ocrx_word' id='word_1_161' title='bbox 712 2315 852 2395; x_wconf 87' lang='lat' dir='ltr'><strong>liquorem</strong></span> 
     </span>
     <span class='ocr_line' id='line_1_26' title="bbox 144 2398 789 2479; baseline -0.005 -18"><span class='ocrx_word' id='word_1_162' title='bbox 144 2408 176 2461; x_wconf 87' lang='lat' dir='ltr'><strong>et</strong></span> <span class='ocrx_word' id='word_1_163' title='bbox 186 2398 265 2459; x_wconf 87' lang='lat' dir='ltr'><strong>nardi</strong></span> <span class='ocrx_word' id='word_1_164' title='bbox 276 2398 393 2475; x_wconf 84' lang='lat' dir='ltr'><strong>dorem,</strong></span> <span class='ocrx_word' id='word_1_165' title='bbox 406 2407 505 2459; x_wconf 88' lang='lat' dir='ltr'><strong>nectar</strong></span> <span class='ocrx_word' id='word_1_166' title='bbox 514 2400 562 2479; x_wconf 90' lang='lat' dir='ltr'><strong>qui</strong></span> <span class='ocrx_word' id='word_1_167' title='bbox 573 2399 686 2460; x_wconf 90' lang='lat' dir='ltr'><strong>naribus</strong></span> <span class='ocrx_word' id='word_1_168' title='bbox 697 2398 789 2475; x_wconf 81' lang='lat' dir='ltr'><strong>halat,</strong></span> 
     </span>
     <span class='ocr_line' id='line_1_27' title="bbox 144 2482 947 2562; baseline -0.004 -17"><span class='ocrx_word' id='word_1_169' title='bbox 144 2501 210 2545; x_wconf 91' lang='lat' dir='ltr'><strong>cum</strong></span> <span class='ocrx_word' id='word_1_170' title='bbox 221 2482 320 2544; x_wconf 84' lang='lat' dir='ltr'><strong>facere</strong></span> <span class='ocrx_word' id='word_1_171' title='bbox 330 2483 476 2561; x_wconf 83' lang='lat' dir='ltr'><strong>instituas,</strong></span> <span class='ocrx_word' id='word_1_172' title='bbox 489 2501 553 2544; x_wconf 87' lang='lat' dir='ltr'><strong>cum</strong></span> <span class='ocrx_word' id='word_1_173' title='bbox 565 2483 662 2561; x_wconf 90' lang='lat' dir='ltr'><strong>primis</strong></span> <span class='ocrx_word' id='word_1_174' title='bbox 674 2500 812 2562; x_wconf 87' lang='lat' dir='ltr'><strong>quaerere</strong></span> <span class='ocrx_word' id='word_1_175' title='bbox 824 2491 947 2560; x_wconf 81' lang='lat' dir='ltr'><strong>penest,</strong></span> 
     </span>
    </p>

    <p class='ocr_par' dir='ltr' id='par_1_10' title="bbox 73 2565 935 2901">
     <span class='ocr_line' id='line_1_28' title="bbox 73 2565 888 2649; baseline -0.009 -16"><span class='ocrx_word' id='word_1_176' title='bbox 73 2577 129 2633; x_wconf 82' lang='lat'><strong>850</strong></span> <span class='ocrx_word' id='word_1_177' title='bbox 142 2568 237 2649; x_wconf 92' lang='lat' dir='ltr'><strong>quoad</strong></span> <span class='ocrx_word' id='word_1_178' title='bbox 247 2565 317 2628; x_wconf 89' lang='lat' dir='ltr'><strong>licet</strong></span> <span class='ocrx_word' id='word_1_179' title='bbox 327 2584 362 2628; x_wconf 90' lang='lat' dir='ltr'><strong>ac</strong></span> <span class='ocrx_word' id='word_1_180' title='bbox 375 2569 451 2647; x_wconf 91' lang='lat' dir='ltr'><strong>potis</strong></span> <span class='ocrx_word' id='word_1_181' title='bbox 464 2587 497 2628; x_wconf 93' lang='lat' dir='ltr'><strong>es</strong></span> <span class='ocrx_word' id='word_1_182' title='bbox 509 2568 656 2646; x_wconf 85' lang='lat' dir='ltr'><strong>reperire,</strong></span> <span class='ocrx_word' id='word_1_183' title='bbox 674 2565 807 2628; x_wconf 87' lang='lat' dir='ltr'><strong>inolentis</strong></span> <span class='ocrx_word' id='word_1_184' title='bbox 820 2565 888 2626; x_wconf 84' lang='lat' dir='ltr'><strong>olivi</strong></span> 
     </span>
     <span class='ocr_line' id='line_1_29' title="bbox 144 2645 842 2731; baseline 0 -19"><span class='ocrx_word' id='word_1_185' title='bbox 144 2661 287 2730; x_wconf 89' lang='lat' dir='ltr'><strong>naturam,</strong></span> <span class='ocrx_word' id='word_1_186' title='bbox 299 2645 404 2712; x_wconf 91' lang='lat' dir='ltr'><strong>nullam</strong></span> <span class='ocrx_word' id='word_1_187' title='bbox 416 2669 488 2731; x_wconf 84' lang='lat' dir='ltr'><strong>quae</strong></span> <span class='ocrx_word' id='word_1_188' title='bbox 503 2653 593 2712; x_wconf 90' lang='lat' dir='ltr'><strong>mittat</strong></span> <span class='ocrx_word' id='word_1_189' title='bbox 606 2654 719 2714; x_wconf 85' lang='lat' dir='ltr'><strong>naribus</strong></span> <span class='ocrx_word' id='word_1_190' title='bbox 731 2669 842 2729; x_wconf 89' lang='lat' dir='ltr'><strong>auram,</strong></span> 
     </span>
     <span class='ocr_line' id='line_1_30' title="bbox 146 2736 935 2817; baseline 0 -20"><span class='ocrx_word' id='word_1_191' title='bbox 146 2754 229 2816; x_wconf 89' lang='lat' dir='ltr'><strong>quam</strong></span> <span class='ocrx_word' id='word_1_192' title='bbox 239 2737 354 2796; x_wconf 90' lang='lat' dir='ltr'><strong>minime</strong></span> <span class='ocrx_word' id='word_1_193' title='bbox 368 2746 398 2797; x_wconf 92' lang='lat' dir='ltr'><strong>ut</strong></span> <span class='ocrx_word' id='word_1_194' title='bbox 409 2739 502 2815; x_wconf 89' lang='lat' dir='ltr'><strong>possit</strong></span> <span class='ocrx_word' id='word_1_195' title='bbox 513 2738 616 2797; x_wconf 85' lang='lat' dir='ltr'><strong>mixtos</strong></span> <span class='ocrx_word' id='word_1_196' title='bbox 629 2739 657 2796; x_wconf 91' lang='lat' dir='ltr'><strong>in</strong></span> <span class='ocrx_word' id='word_1_197' title='bbox 669 2755 792 2817; x_wconf 90' lang='lat' dir='ltr'><strong>corpore</strong></span> <span class='ocrx_word' id='word_1_198' title='bbox 805 2736 910 2799; x_wconf 89' lang='lat' dir='ltr'><strong>odores</strong></span> <span class='ocrx_word' id='word_1_199' title='bbox 931 2778 935 2785; x_wconf 36' lang='lat'><strong>⁴</strong></span> 
     </span>
     <span class='ocr_line' id='line_1_31' title="bbox 146 2821 846 2901; baseline 0 -19"><span class='ocrx_word' id='word_1_200' title='bbox 146 2829 363 2901; x_wconf 83' lang='lat' dir='ltr'><strong>concoctosque</strong></span> <span class='ocrx_word' id='word_1_201' title='bbox 374 2838 427 2881; x_wconf 91' lang='lat' dir='ltr'><strong>suo</strong></span> <span class='ocrx_word' id='word_1_202' title='bbox 440 2829 619 2882; x_wconf 85' lang='lat' dir='ltr'><strong>contractans</strong></span> <span class='ocrx_word' id='word_1_203' title='bbox 629 2821 753 2901; x_wconf 88' lang='lat' dir='ltr'><strong>perdere</strong></span> <span class='ocrx_word' id='word_1_204' title='bbox 765 2824 846 2900; x_wconf 85' lang='lat' dir='ltr'><strong>uiro,</strong></span> 
     </span>
    </p>

    <p class='ocr_par' dir='ltr' id='par_1_11' title="bbox 144 2904 952 2986">
     <span class='ocr_line' id='line_1_32' title="bbox 144 2904 952 2986; baseline 0 -21"><span class='ocrx_word' id='word_1_205' title='bbox 144 2914 264 2986; x_wconf 88' lang='lat' dir='ltr'><strong>propter</strong></span> <span class='ocrx_word' id='word_1_206' title='bbox 276 2904 394 2966; x_wconf 89' lang='lat' dir='ltr'><strong>eandem</strong></span> <span class='ocrx_word' id='word_1_207' title='bbox 404 2924 469 2966; x_wconf 86' lang='lat' dir='ltr'><strong>rem</strong></span> <span class='ocrx_word' id='word_1_208' title='bbox 482 2904 588 2965; x_wconf 88' lang='lat' dir='ltr'><strong>debent</strong></span> <span class='ocrx_word' id='word_1_209' title='bbox 598 2905 749 2985; x_wconf 88' lang='lat' dir='ltr'><strong>primordia</strong></span> <span class='ocrx_word' id='word_1_210' title='bbox 761 2924 856 2966; x_wconf 89' lang='lat' dir='ltr'><strong>rerum</strong></span> <span class='ocrx_word' id='word_1_211' title='bbox 947 2949 952 2959; x_wconf 75' lang='grc'><strong><em>,</em></strong></span> 
     </span>
    </p>

    <p class='ocr_par' dir='ltr' id='par_1_12' title="bbox 76 2988 851 3068">
     <span class='ocr_line' id='line_1_33' title="bbox 76 2988 851 3068; baseline -0.004 -15"><span class='ocrx_word' id='word_1_212' title='bbox 76 2998 132 3053; x_wconf 72' lang='grc'><strong>855</strong></span> <span class='ocrx_word' id='word_1_213' title='bbox 143 3007 201 3052; x_wconf 90' lang='lat' dir='ltr'><strong>non</strong></span> <span class='ocrx_word' id='word_1_214' title='bbox 215 2988 351 3050; x_wconf 86' lang='lat' dir='ltr'><strong>adhibere</strong></span> <span class='ocrx_word' id='word_1_215' title='bbox 363 3008 445 3050; x_wconf 90' lang='lat' dir='ltr'><strong>suum</strong></span> <span class='ocrx_word' id='word_1_216' title='bbox 456 2990 606 3067; x_wconf 81' lang='lat' dir='ltr'><strong>gignundis</strong></span> <span class='ocrx_word' id='word_1_217' title='bbox 618 2991 705 3051; x_wconf 88' lang='lat' dir='ltr'><strong>rebus</strong></span> <span class='ocrx_word' id='word_1_218' title='bbox 717 2990 851 3068; x_wconf 90' lang='lat' dir='ltr'><strong>odorem,</strong></span> 
     </span>
    </p>

    <p class='ocr_par' dir='ltr' id='par_1_13' title="bbox 143 3072 991 3407">
     <span class='ocr_line' id='line_1_34' title="bbox 144 3072 913 3154; baseline -0.005 -18"><span class='ocrx_word' id='word_1_219' title='bbox 144 3092 199 3136; x_wconf 89' lang='lat' dir='ltr'><strong>uec</strong></span> <span class='ocrx_word' id='word_1_220' title='bbox 213 3075 352 3152; x_wconf 88' lang='lat' dir='ltr'><strong>sonitum,</strong></span> <span class='ocrx_word' id='word_1_221' title='bbox 369 3075 498 3154; x_wconf 90' lang='lat' dir='ltr'><strong>quoniam</strong></span> <span class='ocrx_word' id='word_1_222' title='bbox 509 3072 548 3133; x_wconf 90' lang='lat' dir='ltr'><strong>nil</strong></span> <span class='ocrx_word' id='word_1_223' title='bbox 561 3074 597 3134; x_wconf 88' lang='lat' dir='ltr'><strong>ab</strong></span> <span class='ocrx_word' id='word_1_224' title='bbox 608 3094 642 3136; x_wconf 89' lang='lat' dir='ltr'><strong>se</strong></span> <span class='ocrx_word' id='word_1_225' title='bbox 652 3076 764 3135; x_wconf 89' lang='lat' dir='ltr'><strong>mittere</strong></span> <span class='ocrx_word' id='word_1_226' title='bbox 776 3083 913 3153; x_wconf 88' lang='lat' dir='ltr'><strong>possunt,</strong></span> 
     </span>
     <span class='ocr_line' id='line_1_35' title="bbox 144 3157 878 3239; baseline -0.001 -20"><span class='ocrx_word' id='word_1_227' title='bbox 144 3175 200 3220; x_wconf 86' lang='lat' dir='ltr'><strong>nec</strong></span> <span class='ocrx_word' id='word_1_228' title='bbox 211 3158 295 3219; x_wconf 88' lang='lat' dir='ltr'><strong>simili</strong></span> <span class='ocrx_word' id='word_1_229' title='bbox 306 3160 415 3219; x_wconf 86' lang='lat' dir='ltr'><strong>ratione</strong></span> <span class='ocrx_word' id='word_1_230' title='bbox 431 3175 564 3238; x_wconf 87' lang='lat' dir='ltr'><strong>saporem</strong></span> <span class='ocrx_word' id='word_1_231' title='bbox 575 3157 697 3238; x_wconf 88' lang='lat' dir='ltr'><strong>denique</strong></span> <span class='ocrx_word' id='word_1_232' title='bbox 710 3175 878 3239; x_wconf 89' lang='lat' dir='ltr'><strong>quemquam</strong></span> 
     </span>
     <span class='ocr_line' id='line_1_36' title="bbox 143 3241 976 3323; baseline -0.005 -19"><span class='ocrx_word' id='word_1_233' title='bbox 143 3260 199 3305; x_wconf 86' lang='lat' dir='ltr'><strong>nec</strong></span> <span class='ocrx_word' id='word_1_234' title='bbox 211 3242 302 3322; x_wconf 79' lang='lat' dir='ltr'><strong>frigus</strong></span> <span class='ocrx_word' id='word_1_235' title='bbox 314 3262 408 3323; x_wconf 90' lang='lat' dir='ltr'><strong>neque</strong></span> <span class='ocrx_word' id='word_1_236' title='bbox 420 3245 486 3303; x_wconf 92' lang='lat' dir='ltr'><strong>item</strong></span> <span class='ocrx_word' id='word_1_237' title='bbox 499 3241 618 3303; x_wconf 87' lang='lat' dir='ltr'><strong>calidum</strong></span> <span class='ocrx_word' id='word_1_238' title='bbox 628 3242 812 3323; x_wconf 89' lang='lat' dir='ltr'><strong>tepidumque</strong></span> <span class='ocrx_word' id='word_1_239' title='bbox 824 3258 976 3320; x_wconf 83' lang='lat' dir='ltr'><strong>vaporem,</strong></span> 
     </span>
     <span class='ocr_line' id='line_1_37' title="bbox 145 3326 991 3407; baseline 0.001 -19"><span class='ocrx_word' id='word_1_240' title='bbox 145 3336 258 3398; x_wconf 71' lang='lat' dir='ltr'><strong>cotem</strong></span> <span class='ocrx_word' id='word_1_241' title='bbox 269 3345 342 3407; x_wconf 87' lang='lat' dir='ltr'><strong>quae</strong></span> <span class='ocrx_word' id='word_1_242' title='bbox 355 3345 419 3388; x_wconf 90' lang='lat' dir='ltr'><strong>cum</strong></span> <span class='ocrx_word' id='word_1_243' title='bbox 429 3329 467 3387; x_wconf 87' lang='lat' dir='ltr'><strong>ita</strong></span> <span class='ocrx_word' id='word_1_244' title='bbox 479 3337 544 3387; x_wconf 93' lang='lat' dir='ltr'><strong>sunt</strong></span> <span class='ocrx_word' id='word_1_245' title='bbox 555 3336 649 3388; x_wconf 85' lang='lat' dir='ltr'><strong>tamen</strong></span> <span class='ocrx_word' id='word_1_246' title='bbox 662 3336 692 3388; x_wconf 94' lang='lat' dir='ltr'><strong>ut</strong></span> <span class='ocrx_word' id='word_1_247' title='bbox 703 3326 831 3388; x_wconf 89' lang='lat' dir='ltr'><strong>mortalia</strong></span> <span class='ocrx_word' id='word_1_248' title='bbox 843 3335 991 3407; x_wconf 87' lang='lat' dir='ltr'><strong>constent,</strong></span> 
     </span>
    </p>

    <p class='ocr_par' dir='ltr' id='par_1_14' title="bbox 53 3410 875 3578">
     <span class='ocr_line' id='line_1_38' title="bbox 72 3410 875 3492; baseline -0.009 -15"><span class='ocrx_word' id='word_1_249' title='bbox 72 3420 132 3477; x_wconf 84' lang='grc'><strong>860</strong></span> <span class='ocrx_word' id='word_1_250' title='bbox 141 3410 221 3472; x_wconf 85' lang='lat' dir='ltr'><strong>molli</strong></span> <span class='ocrx_word' id='word_1_251' title='bbox 231 3411 328 3490; x_wconf 86' lang='lat' dir='ltr'><strong>lenta,</strong></span> <span class='ocrx_word' id='word_1_252' title='bbox 345 3411 460 3489; x_wconf 81' lang='lat' dir='ltr'><strong>fragosa</strong></span> <span class='ocrx_word' id='word_1_253' title='bbox 469 3413 562 3490; x_wconf 86' lang='lat' dir='ltr'><strong>putri,</strong></span> <span class='ocrx_word' id='word_1_254' title='bbox 576 3429 645 3472; x_wconf 87' lang='lat' dir='ltr'><strong>cava</strong></span> <span class='ocrx_word' id='word_1_255' title='bbox 658 3428 781 3492; x_wconf 88' lang='lat' dir='ltr'><strong>conpore</strong></span> <span class='ocrx_word' id='word_1_256' title='bbox 794 3427 875 3489; x_wconf 85' lang='lat' dir='ltr'><strong>raro,</strong></span> 
     </span>
     <span class='ocr_line' id='line_1_39' title="bbox 53 3496 815 3578; baseline -0.001 -20"><span class='ocrx_word' id='word_1_257' title='bbox 53 3513 54 3519; x_wconf 53' lang='lat'>¹</span> <span class='ocrx_word' id='word_1_258' title='bbox 144 3498 237 3558; x_wconf 85' lang='lat' dir='ltr'><strong>omnia</strong></span> <span class='ocrx_word' id='word_1_259' title='bbox 249 3498 333 3558; x_wconf 91' lang='lat' dir='ltr'><strong>sinta</strong></span> <span class='ocrx_word' id='word_1_260' title='bbox 346 3496 494 3577; x_wconf 89' lang='lat' dir='ltr'><strong>principiis</strong></span> <span class='ocrx_word' id='word_1_261' title='bbox 507 3498 635 3557; x_wconf 87' lang='lat' dir='ltr'><strong>seiuncta</strong></span> <span class='ocrx_word' id='word_1_262' title='bbox 645 3505 815 3578; x_wconf 86' lang='lat' dir='ltr'><strong>necessest,</strong></span> 
     </span>
    </p>
   </div>
   <div class='ocr_carea' id='block_1_3' title="bbox 0 0 1169 3886">
    <p class='ocr_par' dir='ltr' id='par_1_15' title="bbox 0 0 1169 3886">
     <span class='ocr_line' id='line_1_40' title="bbox 0 0 1169 3886; baseline 0 0"><span class='ocrx_word' id='word_1_263' title='bbox 0 0 1169 3886; x_wconf 95' lang='lat' dir='ltr'><strong> </strong></span> 
     </span>
    </p>
   </div>
  </div>
 </body>
</html>
