2288 3886
117 201 175 266 136
376 222 379 227 ·
601 205 624 262 V

133 375 185 430 385
200 365 276 446 quod
288 366 385 427 iacere
398 365 560 444 intendunt,
573 385 666 446 neque
679 367 769 428 adhuc
784 377 884 428 conata
896 377 1056 448 patrantur:

197 461 303 511 tantum
315 450 497 530 suppeditant
508 457 604 511 amnee
616 450 746 528 ultra-{pue
758 452 896 512 minantur

198 535 289 594 omnia
300 532 436 594 diluviare
452 552 489 593 ex
503 533 560 594 alto
577 537 690 613 gurgite
704 537 783 613 ponti
791 581 800 612 ‚

197 620 384 697 nequiquam,
399 620 528 696 queniam
539 628 688 679 verrentes
702 636 825 698 aequora
837 622 914 680 venti

198 702 358 763 deminuunt
368 701 510 780 radiisque
520 711 655 763 retexens
668 702 810 764 aetherius
822 702 884 782 sel,

134 795 186 849 390
197 794 227 847 et
240 787 350 846 siccare
361 787 439 864 prius
451 785 594 848 confidunt
606 788 696 846 omnia
708 804 797 866 posse

199 888 281 948 quam
295 869 389 949 liquor
401 870 508 950 incepti
522 873 613 948 pessit
625 871 792 948 contingere
804 872 896 930 finem.

197 962 303 1014 tantum
315 955 455 1032 spirantes
467 971 560 1033 aequo
575 956 727 1015 certamine
739 954 845 1015 belluni

197 1040 306 1117 magnis
319 1037 491 1116 intercede
504 1038 590 1099 rebus
602 1056 722 1098 cernere
735 1047 858 1115 cenant,

199 1141 263 1184 cum
273 1121 363 1184 semel
375 1123 482 1182 interea
493 1121 579 1182 fuerit
588 1124 767 1202 superantior
777 1125 850 1200 ignis

133 1215 185 1270 395
200 1216 229 1269 et
242 1205 333 1268 semel
344 1251 353 1284 ‚
364 1215 395 1266 ut
406 1205 478 1265 iama
489 1215 550 1282 est,
563 1224 643 1266 umor
653 1208 777 1285 regnarit
790 1209 817 1266 in
832 1210 917 1269 ervis.

197 1293 272 1371 ignis
288 1292 362 1351 euim
373 1299 489 1370 superat
500 1299 529 1350 et
541 1289 668 1351 lambens
678 1289 764 1350 muita
774 1294 918 1370 perussit,

198 1377 260 1436 avia
273 1392 337 1435 eum
348 1373 521 1434 Phaethonta
532 1392 619 1453 rapax
631 1376 674 1435 vis
688 1374 758 1435 solie
770 1391 908 1453 equorum

199 1458 315 1520 aethere
331 1459 450 1536 raptarit
461 1467 520 1518 toto
536 1468 684 1537 terrasque
696 1476 749 1537 per
762 1461 869 1522 omnis:

198 1553 226 1603 at
237 1551 318 1622 pater
329 1542 507 1619 omnipotens
522 1543 562 1602 ira
577 1551 634 1602 tum
645 1544 772 1621 percitus
784 1545 841 1602 acri

134 1635 187 1690 400
197 1626 400 1703 magnanimum
411 1623 584 1685 Phaethonta
594 1628 706 1705 repenti
720 1625 841 1685 fulminis
854 1628 910 1686 ictu

199 1709 357 1771 deturbavit
368 1710 450 1788 cquis
462 1711 489 1767 iu
505 1720 606 1770 terram
617 1756 625 1786 ‚
638 1709 740 1789 solque
754 1709 865 1771 cadenti

199 1796 301 1856 obvius
314 1801 457 1854 aeternam
468 1795 600 1872 succepit
612 1793 738 1875 lampada
749 1793 859 1872 mundi,

199 1878 394 1956 disiectosque
405 1876 516 1956 redegit
527 1895 619 1956 equos
631 1879 776 1956 iunxitque
788 1882 955 1957 trementis,

198 1961 264 2024 inde
275 1979 356 2022 suum
367 1980 420 2041 per
430 1964 485 2022 iter
495 1965 636 2023 recreavit
648 1972 749 2022 cuncta
760 1961 938 2041 gubernans,

133 2057 185 2111 405
198 2046 329 2121 scilicet,
343 2054 372 2105 ut
383 2054 499 2105 veteres
511 2045 623 2105 Graium
635 2047 769 2106 cecinere
781 2052 894 2124 petitae.

200 2128 275 2209 quod
288 2127 389 2208 procui
401 2145 417 2187 a
428 2146 496 2188 vera
507 2130 589 2188 nimis
601 2138 646 2190 est
659 2131 768 2189 ratione
781 2129 933 2210 repulsum.

198 2214 272 2291 ignis
285 2213 359 2272 euim
369 2229 506 2290 superare
519 2221 615 2291 potest
626 2213 673 2273 uhi
684 2216 808 2274 materiai

199 2316 236 2359 ex
246 2296 353 2356 iniinito
367 2305 431 2357 sunt
443 2314 563 2377 corpora
575 2297 654 2375 plura
671 2307 786 2375 coorta,

198 2392 227 2443 et
241 2389 362 2462 pereunt
373 2399 421 2441 res
433 2391 551 2442 exustae
564 2382 734 2442 terrentibus
745 2382 834 2442 auris:

134 2475 185 2529 410
197 2465 261 2526 inde
277 2466 378 2526 cadunt
389 2467 465 2526 uires
477 2465 569 2545 aliqua
580 2468 687 2525 ratione
698 2468 833 2526 revictae.

198 2567 279 2610 umor
289 2551 356 2609 item
367 2548 505 2628 quendam
518 2551 613 2628 coepit
623 2567 759 2628 superare
772 2561 903 2624 coortus,

198 2642 229 2693 ut
239 2633 310 2701 iama
323 2642 385 2709 est,
399 2628 539 2692 hominum
551 2632 652 2693 multas
665 2633 775 2712 quaudo
787 2634 880 2694 obruit
892 2635 989 2694 umis:

198 2715 264 2776 iude
276 2717 322 2774 ubi
337 2717 380 2775 vis
392 2716 484 2794 aliqua
495 2717 602 2776 ratione
615 2735 716 2777 aversa
727 2720 867 2795 recessit,

198 2817 236 2860 ex
247 2799 353 2858 infinito
368 2799 460 2860 iuerat
472 2817 667 2879 quaecumque
679 2809 793 2878 coorta,

133 2892 186 2945 415
198 2883 385 2944 constiterunt
399 2882 504 2944 imbres
518 2893 547 2943 et
559 2882 669 2944 flumina
679 2886 736 2943 rim
745 2887 912 2944 minuerunt.

242 2965 299 3026 Sed
311 2967 413 3046 quihus
425 2965 475 3027 iile
486 2967 576 3028 modis
586 2971 733 3029 coniectus
745 2969 868 3028 materiai

198 3050 318 3111 fundarit
329 3060 431 3111 terram
444 3061 474 3112 et
485 3051 595 3112 caelum
608 3054 746 3131 pontique
757 3049 914 3131 profunda,

198 3133 268 3195 solis
280 3134 355 3195 lunai
370 3153 488 3212 cursus,
503 3154 540 3195 ex
554 3136 653 3195 ordine
667 3153 777 3214 ponam.

196 3235 260 3278 narn
271 3228 351 3280 certe
362 3236 456 3298 usque
472 3219 591 3281 consilio
605 3218 756 3299 primordia
766 3236 860 3280 rerum

133 3312 187 3364 ste
197 3302 295 3362 ordine
308 3321 341 3362 se
356 3319 410 3362 suo
422 3320 552 3381 quaeque
563 3305 660 3381 sagaci
670 3314 765 3365 mente
776 3304 905 3364 locarunt

197 3403 252 3445 nec
267 3402 339 3463 quos
350 3404 480 3465 quaeque
492 3387 590 3448 darent
601 3396 694 3448 motus
705 3390 845 3466 pepigere
856 3386 1009 3467 proiecte,

196 3468 249 3529 sed
262 3470 325 3547 quia
335 3469 422 3530 multa
432 3469 523 3530 modis
537 3471 631 3532 multis
645 3472 795 3550 primordia
806 3489 900 3533 rerum
