2288 3886
116 181 158 244 22
611 180 626 243 1

199 373 325 415 umorem
337 354 473 432 primum,
487 358 552 428 post
563 353 644 426 aera,
659 350 761 410 deinde
775 350 916 425 calorem,

199 457 254 499 nec
266 454 382 498 cessare
394 436 466 494 haec
477 436 551 494 inter
562 455 593 494 se
606 443 731 511 mutare,
744 453 838 494 meare

199 543 214 582 a
230 521 311 581 caelo
323 521 356 581 ad
368 530 487 595 terram,
501 518 537 579 de
549 528 622 578 terra
634 518 668 576 ad
680 519 773 578 sidera
785 518 887 577 mundi.

200 606 274 686 quod
288 606 384 665 iacere
397 603 467 661 baud
481 600 539 661 uilo
552 602 657 663 debent
671 601 822 681 primordia
833 613 927 681 pacto.

138 700 189 756 790
200 689 369 750 immutabile
382 690 455 749 enim
467 687 597 765 quiddam
608 705 744 765 superare
757 697 927 762 necessest,

201 795 236 835 ne
248 792 296 834 res
309 774 342 832 ad
354 772 440 833 nilum
453 772 615 849 redigantur
626 771 749 831 funditus
763 789 875 831 omnes:

201 877 263 919 nam
274 859 472 937 quodcumque
486 859 544 916 suis
557 865 690 916 mutatum
703 856 803 916 tinibus
816 857 890 931 exit,

202 945 334 1004 continuo
344 941 400 1002 boc
413 959 489 1001 mors
501 949 545 1000 est
557 938 632 1000 iilius
645 939 720 1018 quod
731 940 782 999 iuit
793 949 866 999 ante.

200 1036 374 1107 quapropter
386 1027 516 1104 quoniam
531 1042 602 1102 quae
615 1024 700 1103 paulo
715 1024 833 1083 diximus
845 1033 910 1084 ante

136 1121 186 1177 795
198 1115 225 1172 in
238 1120 434 1171 commutatum
446 1112 576 1185 veniunt,
591 1119 721 1170 constare
735 1117 887 1168 necessest

199 1194 308 1258 axeliis
321 1212 372 1273 ea,
384 1212 456 1273 quae
469 1203 610 1272 nequeant
624 1195 785 1267 convertier
796 1210 932 1269 usquam,

199 1301 235 1341 ne
246 1281 297 1340 tibi
308 1298 356 1340 res
368 1279 485 1339 redeant
497 1276 531 1336 ad
542 1278 627 1337 nilum
639 1278 761 1339 funditus
776 1295 883 1336 omnes.

200 1367 265 1443 quin
276 1367 371 1443 potius
382 1362 430 1423 tali
442 1372 539 1421 natura
549 1361 675 1441 praedita
688 1362 823 1440 quaedam

201 1465 321 1527 corpora
334 1449 507 1523 constituas,
521 1449 613 1524 ignem
625 1449 650 1508 si
661 1447 735 1506 iorte
749 1448 888 1521 urserint,

136 1543 189 1596 800
200 1550 288 1611 posse
301 1531 417 1608 eadem,
432 1531 553 1609 demptis
566 1533 663 1610 paucis
677 1532 832 1610 paucisque
845 1531 976 1608 tributis,

201 1617 298 1676 ordine
309 1624 413 1675 mutato
427 1625 455 1675 et
467 1625 559 1692 motu,
572 1615 668 1675 facere
681 1617 755 1675 atris
767 1633 866 1691 auras,

201 1703 244 1761 sic
257 1699 325 1769 alias
338 1699 400 1760 aiiis
412 1699 498 1759 rebus
510 1701 642 1759 mutarier
654 1697 765 1759 omnis?

237 1776 288 1845 'At
299 1784 445 1844 manifesta
456 1783 547 1863 palam
559 1803 606 1844 res
618 1783 728 1844 indicat'
741 1775 880 1862 inquis‘in
892 1803 973 1846 aures

200 1871 274 1931 aeris
286 1889 303 1931 e
316 1879 390 1930 terra
402 1888 449 1930 res
462 1872 551 1930 omnis
564 1888 698 1930 crescere
711 1868 821 1947 aiique:

137 1963 188 2016 805
201 1964 229 2014 et
240 1956 293 2015 nisi
306 1965 461 2033 tempestas
475 1954 602 2031 indulget
614 1963 743 2032 tempore
755 1954 848 2013 fausto

200 2038 353 2114 imbribus,
368 2049 397 2099 ut
408 2038 474 2098 tabe
485 2039 641 2097 nimborum
652 2039 766 2097 arbusta
777 2037 928 2116 vacillent,

200 2121 302 2200 solque
313 2139 363 2181 sua
374 2139 427 2200 pro
440 2132 521 2200 parte
533 2121 612 2181 fovet
622 2123 775 2201 tribuitque
789 2121 932 2199 calorem,

201 2223 336 2266 crescere
348 2223 403 2265 non
416 2208 527 2284 possint
539 2207 638 2283 fruges
650 2207 764 2266 arbusta
776 2207 940 2267 animantis*

200 2289 329 2367 scilicet,
342 2299 371 2352 et
382 2292 436 2351 nisi
447 2309 500 2351 nos
513 2292 594 2351 cibus
607 2291 700 2352 aridus
713 2301 742 2351 et
753 2300 836 2350 tener
846 2308 926 2350 umor

136 2383 189 2436 810
199 2375 328 2451 adiuvet,
341 2377 445 2435 amisso
457 2378 509 2434 iam
522 2392 645 2454 corpore
656 2377 713 2434 vita
724 2392 838 2453 quoque
851 2377 941 2436 omnis

200 2459 328 2519 omnibus
339 2478 356 2519 e
368 2462 463 2520 nervis
475 2469 560 2539 atque
572 2461 686 2520 ossibus
698 2457 875 2519 exsoluatur:

199 2544 352 2603 adiutamur
363 2546 435 2602 enim
448 2543 532 2602 dubio
542 2541 643 2622 procui
657 2553 741 2620 atque
752 2543 850 2602 alimur
861 2561 912 2604 nos

201 2629 287 2686 certis
299 2626 334 2685 ab
345 2628 451 2702 rebus,
466 2629 552 2686 certis
563 2626 634 2686 aliae
647 2637 732 2705 atque
746 2626 817 2687 aliae
829 2646 886 2688 res.

200 2711 345 2786 nimirum,
361 2712 425 2787 quia
437 2710 522 2769 muita
533 2710 624 2770 modis
638 2714 793 2772 communia
806 2711 899 2773 multis

137 2803 188 2856 815
200 2793 346 2852 multarum
361 2812 454 2853 rerum
470 2797 496 2853 in
507 2796 594 2855 rebus
604 2795 756 2875 primordia
767 2798 851 2856 mixta

201 2888 281 2955 sunt,
298 2877 363 2937 ideo
374 2880 457 2938 variis
468 2881 562 2939 variae
574 2898 621 2940 res
633 2882 719 2940 rebus
731 2879 850 2940 aluntur.

200 2971 284 3040 atquc
296 2962 394 3022 eadem
405 2967 496 3042 magni
508 2964 597 3024 refert
608 2964 757 3043 primordia
769 2983 857 3044 saepe

201 3064 264 3105 cum
277 3047 379 3126 quibus
392 3058 420 3109 et
433 3048 507 3128 quali
519 3051 644 3127 positura
656 3052 852 3114 contineantur

200 3140 229 3190 et
240 3147 312 3209 quos
325 3133 398 3192 inter
408 3152 441 3193 se
455 3133 521 3194 dent
533 3142 625 3192 motus
637 3136 849 3213 accipiantque·

135 3223 316 3294 coenamque
329 3214 428 3276 eadem
441 3215 550 3276 caelum
561 3236 636 3277 mare
648 3228 738 3279 terras
751 3217 861 3277 domina
872 3219 963 3281 solem

201 3301 391 3377 constituunt,
407 3302 505 3362 eadem
516 3301 614 3379 fruges
627 3302 739 3363 arbusta
751 3305 913 3381 animantis,

199 3401 297 3442 verum
309 3384 370 3444 aliis
383 3382 496 3464 alioque
508 3385 592 3445 modo
605 3388 752 3446 commixta
768 3397 924 3446 moventur.

201 3468 267 3545 quin
278 3469 361 3527 etiam
372 3471 476 3547 passim
489 3472 593 3530 nostris
605 3471 633 3528 in
645 3471 775 3531 uersibus
786 3472 856 3552 ipsis
