2288 3886
115 198 174 262 138
602 191 628 252 V

196 383 281 428 aurea
296 383 359 425 cunr
371 365 489 444 primum
500 363 667 441 gemmantis
678 380 744 422 rore
755 380 809 441 per
820 361 925 424 herbas

196 450 328 510 matutina
338 448 440 509 rubent
451 447 549 507 radiati
559 446 663 506 lumina
673 445 761 523 solis,

197 532 330 594 exhalare
342 531 422 593 lacus
433 530 564 592 nebulam
578 530 711 609 fluviique
727 547 886 610 perennes,

196 620 316 697 ipsaque
328 625 359 676 ut
369 615 507 676 interdum
519 613 604 675 tellus
619 613 726 674 fumare
738 613 864 681 uidetur:

134 713 185 768 465
199 703 291 761 omnia
302 718 375 779 quoe
388 717 499 761 sursurn
512 717 576 758 cunr
588 696 789 774 conciliantur,
803 699 831 756 in
842 696 900 757 alto

198 802 321 864 corpore
337 792 473 844 concreto
485 783 640 843 subtexunt
651 781 747 841 nubila
758 780 877 841 caelum.

197 871 239 932 sic
254 870 340 947 igitur
351 878 408 928 turn
419 886 452 928 se
464 866 539 927 levis
553 884 587 926 ac
598 865 729 927 diliusllis
741 863 841 926 aether

198 970 322 1032 corpore
333 961 471 1012 concreto
483 949 672 1011 circumdatus
684 949 807 1028 undique
815 946 904 1027 {lecit

198 1047 226 1098 et
241 1036 298 1097 late
310 1036 429 1096 diliusus
441 1037 469 1094 in
481 1036 571 1095 omnis
583 1033 707 1113 undique
719 1035 807 1113 partis

134 1130 186 1186 sto
199 1123 290 1181 omnia
301 1122 344 1181 sic
356 1119 438 1180 avido
452 1118 604 1197 complexu
618 1128 715 1179 cetera
726 1118 844 1196 saepsit.

196 1205 270 1265 hunc
281 1204 396 1265 exordia
408 1211 472 1265 sunt
484 1202 553 1263 solis
566 1202 707 1281 lunaeque
718 1210 834 1278 secuta,

195 1292 387 1367 interutroquc
398 1286 478 1365 globi
490 1304 608 1364 quorurn
618 1296 767 1346 vertuntur
776 1287 804 1344 ih
815 1285 904 1355 ouris3

196 1391 270 1453 quae
282 1391 376 1450 neque
388 1381 463 1431 terra
478 1370 532 1431 sibi
543 1371 663 1431 adscivit
678 1389 733 1431 uec
743 1371 879 1430 maximus
893 1372 1012 1449 aether,

197 1456 272 1536 quod
284 1474 379 1534 nequo
390 1464 446 1515 tam
457 1453 570 1515 luerunt
584 1457 681 1532 grauia
695 1462 725 1513 ut
737 1453 1038 1535 deprehenderent,

131 1548 183 1604 ste
195 1558 251 1601 nec
265 1538 339 1600 leuia
351 1548 381 1599 ut
391 1548 511 1619 possent
523 1556 577 1618 per
587 1557 708 1599 summas
720 1537 810 1598 labier
821 1555 903 1615 oras,

196 1635 226 1685 et
237 1633 330 1683 tannen
341 1625 534 1701 interutraque
546 1625 583 1682 ita
598 1633 680 1700 sunt,
691 1632 721 1682 ut
734 1638 855 1700 corpora
866 1625 932 1683 viva

193 1716 311 1768 versent
322 1716 350 1768 et
362 1716 459 1787 putes
470 1716 500 1767 ut
511 1707 605 1766 mundi
617 1710 702 1767 totius
718 1715 831 1775 extent;

195 1791 271 1871 quod
286 1810 377 1869 genus
388 1793 416 1851 in
427 1791 509 1852 nobis
522 1791 658 1870 quaedam
670 1791 739 1852 licet
749 1793 778 1849 in
789 1792 910 1851 statione

194 1877 318 1936 membre
331 1893 463 1952 manere,
476 1885 569 1935 tamen
582 1894 645 1935 curn
657 1877 712 1937 sint
727 1893 761 1934 ea
774 1892 845 1953 quoe
857 1884 1033 1936 moveantur.

131 1968 184 2023 480
196 1959 239 2020 his
249 1962 335 2038 igitur
345 1959 432 2020 robus
447 1962 578 2020 retractis
591 1969 666 2019 terra
679 1968 818 2038 repente,

194 2061 323 2103 maxuma
336 2061 390 2121 que
400 2061 475 2102 nunc
487 2062 520 2103 se
533 2045 612 2121 ponti
624 2042 708 2121 plaga
723 2041 837 2103 caerula
850 2042 957 2123 tendit,

194 2126 315 2187 succidit
327 2135 357 2187 et
371 2125 449 2187 salso
461 2125 576 2186 suliudit
587 2129 700 2205 gurgite
712 2127 815 2188 lessus.

192 2212 279 2289 inque
292 2210 352 2270 dies
366 2219 469 2289 quanto
482 2211 589 2270 circum
599 2213 689 2288 magis
701 2210 824 2271 aetheris
836 2221 934 2272 aestus

193 2302 224 2354 et
235 2294 303 2354 radii
315 2293 386 2354 solis
402 2296 544 2372 cogebant
555 2294 678 2373 undique
689 2305 809 2372 terram,

130 2387 180 2442 485
194 2377 363 2439 verberibus
376 2380 485 2438 crebris
498 2389 624 2439 extrema
635 2397 652 2438 a
665 2378 760 2438 limini’
773 2388 852 2457 perte

193 2463 221 2521 in
231 2461 325 2523 modio
336 2471 366 2522 ut
377 2461 514 2543 propulsa
526 2479 578 2523 suo
591 2463 734 2523 condensa
748 2464 855 2542 coiret,

195 2555 250 2605 taur
261 2548 351 2624 magis
363 2564 520 2625 expressus
536 2546 628 2608 salsus
641 2547 812 2625 decerpere
827 2546 915 2607 sudor

193 2629 316 2707 augebat
326 2648 403 2690 more
414 2630 550 2690 manando
564 2648 737 2710 camposque
749 2633 886 2707 natantis,

194 2720 223 2772 et
237 2722 315 2772 tanto
325 2714 416 2790 magis
428 2712 477 2773 ille
487 2713 564 2774 foros
576 2713 676 2792 elapsa
685 2714 818 2774 uelabant

130 2805 183 2859 490
195 2812 317 2874 corpora
326 2795 414 2856 multa
424 2799 539 2876 vaporis
552 2807 581 2859 et
592 2801 685 2876 airis,
696 2798 810 2877 altaque
822 2798 896 2859 caeli

194 2879 350 2940 densebaut
363 2880 464 2960 procul
475 2899 491 2941 a
502 2884 585 2943 terris
597 2881 736 2961 fulgentia
746 2881 861 2962 templa.

193 2963 323 3025 sidebant
334 2967 442 3044 campi,
457 2966 627 3027 crescebant
639 2967 780 3027 montibus
793 2965 856 3027 altis

191 3065 346 3110 ascensus:
358 3067 453 3128 neque
466 3052 540 3110 enim
552 3058 684 3128 poterant
697 3050 848 3111 subsidere
860 3068 928 3112 sexo

190 3150 247 3193 nec
258 3135 364 3211 pariter
375 3134 536 3195 tantundem
550 3151 648 3195 omnes
660 3135 849 3195 succumbere
862 3143 960 3214 pertus.

129 3224 179 3278 49⁵
234 3216 284 3277 Sic
299 3219 385 3295 igitur
397 3227 490 3279 terrae
504 3228 642 3279 concreto
657 3236 779 3297 corpore
790 3218 901 3298 pondus

192 3303 335 3378 constitit,
348 3309 434 3380 atque
446 3305 535 3363 omnis
547 3302 641 3362 mundi
654 3304 733 3382 quasi
744 3302 827 3364 limus
842 3305 869 3362 in
883 3304 969 3362 imum

191 3383 327 3445 conduxit
338 3387 433 3462 grans
446 3394 475 3446 et
486 3386 616 3447 subsedit
627 3385 751 3447 funditus
763 3396 793 3447 ut
806 3387 886 3455 laex;

192 3467 258 3527 inde
269 3486 363 3547 mare,
377 3470 442 3529 inde
454 3477 519 3549 aer,
532 3471 598 3531 inde
612 3470 713 3532 aether
724 3470 827 3548 ignifer
838 3473 902 3549 ipse
