2288 3886
532 175 573 234 lV

138 341 207 420 quid
218 358 291 420 qnae
305 349 371 402 sunt
380 341 467 419 igitur
477 341 531 400 iam
543 343 630 420 prima
641 342 734 404 fronte
748 343 863 423 parata?

138 444 205 488 cnm
218 426 358 485 iaciuntur
369 434 398 485 et
410 426 545 485 emissum
556 444 604 486 res
616 425 693 488 nulla
703 438 843 507 moratur,

137 507 215 588 qnod
227 518 378 588 superest,
390 509 439 568 ubi
449 517 505 568 tam
515 508 626 570 volucri
636 509 754 573 levitate
765 513 908 596 ferantur,

137 611 234 673 quone
244 592 326 653 rides
339 593 422 653 citius
434 590 542 653 debere
554 603 583 655 et
595 593 709 672 longius
721 598 764 656 ire

63 691 124 744 205
140 676 347 757 multiplexque
359 676 417 736 loci
427 678 548 756 spatium
558 687 753 740 transcurrere
765 681 867 742 eodem

138 774 337 842 temporeque
350 760 420 821 solis
432 761 602 840 pervolgant
614 762 717 824 lumina
730 763 861 825 caelum?

136 847 194 907 hoc
206 848 291 907 etium
300 847 328 904 in
339 846 436 924 primis
449 847 597 924 specimen
607 865 705 906 verum
717 867 784 909 esse
797 850 925 931 videtur,

137 948 220 1011 qnam
232 929 321 991 celeri
332 939 411 990 motu
419 947 515 990 rerum
525 929 674 991 simulacra
688 931 829 1010 ferantur,

136 1013 212 1095 qnod
223 1012 305 1075 simul
319 1031 354 1073 ac
364 1014 484 1094 primum
497 1014 551 1073 suh
563 1014 610 1074 diu
619 1014 756 1094 splendor
767 1019 848 1095 aquai

61 1110 122 1163 210
138 1100 267 1178 ponitur,
283 1095 429 1177 extemplo
440 1095 522 1159 caelo
534 1097 666 1159 stellante
677 1118 779 1160 serena

136 1183 231 1245 sidera
241 1180 416 1261 respondent
428 1183 456 1240 in
468 1199 540 1260 aqua
551 1182 685 1243 radiantia
698 1183 811 1243 mundo.

135 1270 227 1330 iamne
239 1266 319 1327 rides
332 1266 419 1343 igitur
433 1282 515 1343 quam
525 1277 632 1344 puncto
643 1276 773 1347 tempore
786 1270 879 1347 imago

136 1352 261 1413 aetheris
272 1369 310 1411 ex
320 1351 378 1411 oris
389 1350 417 1409 in
428 1351 686 1412 terrammaccidat
703 1349 789 1414 oras?

137 1454 225 1514 quare
238 1436 322 1496 etiam
332 1444 416 1513 atque
429 1435 512 1494 etiarn
524 1437 593 1496 mitti
604 1435 711 1497 fateare
723 1448 876 1499 necessest

64 1531 124 1583 215
140 1536 261 1599 corpom
274 1536 347 1598 qnae
359 1517 460 1579 feriant
471 1518 573 1579 oculos
584 1521 733 1600 visumque
743 1519 902 1584 lacessant:

137 1614 337 1684 perpetuoque
349 1602 438 1662 lluunt
450 1604 536 1663 certis
551 1604 586 1664 ab
597 1605 684 1666 rebus
700 1605 820 1676 odores;

136 1689 227 1767 frigus
238 1696 269 1747 ut
279 1705 295 1746 a
306 1686 416 1765 iluviis,
430 1684 508 1746 calor
522 1687 557 1747 ab
569 1687 650 1765 sole,
663 1699 759 1749 aestus
774 1690 809 1749 ab
825 1692 906 1752 undis

135 1774 286 1853 aequoris,
300 1789 405 1832 exesor
418 1788 595 1847 moerorum,
611 1770 694 1831 litora
706 1775 827 1833 circum:

135 1875 192 1920 nec
202 1858 298 1917 variae
310 1864 424 1916 cessant
435 1872 526 1915 voees
537 1852 657 1914 volitare
668 1873 723 1933 per
734 1873 831 1916 auras:

64 1951 123 2004 220
136 1941 260 2020 denique
271 1941 300 1998 in
312 1957 346 1999 os
356 1938 425 2001 salsi
436 1940 514 1999 venit
524 1956 604 2000 umor
614 1957 703 2017 saepe
716 1941 843 2019 saporis,

136 2043 201 2087 oum
211 2042 288 2084 mare
300 2041 446 2084 versamur
460 2032 595 2102 propter,
609 2022 751 2103 dilutaque
768 2033 866 2084 contra

135 2127 200 2172 cum
211 2111 312 2170 tuimur
322 2109 436 2168 misceri
447 2107 601 2186 absinthia,
614 2110 702 2186 tangit
713 2127 830 2170 amaror.

133 2191 311 2272 usqueadeo
323 2191 498 2252 omnibusab
512 2192 598 2252 rebus
610 2211 657 2252 res
671 2212 802 2272 quaeque
812 2193 932 2255 fluenter

134 2278 225 2338 iertur
239 2285 269 2336 et
279 2277 307 2336 in
319 2285 435 2337 cunctas
450 2275 595 2335 dimittitur
605 2275 727 2353 undique
740 2279 845 2355 pertis,

60 2372 119 2425 225
133 2380 190 2422 nec
200 2377 279 2420 mora
289 2378 345 2420 nec
355 2360 472 2439 requies
484 2359 639 2421 interdatur
648 2359 706 2418 ulla
719 2358 839 2437 fluendi,

135 2455 277 2525 perpetuo
289 2445 419 2523 quoniam
430 2446 566 2504 sentimus
578 2452 607 2503 et
619 2444 710 2502 omnia
721 2461 845 2522 semper.

136 2530 269 2608 [cernere
285 2527 397 2589 odorari
407 2526 476 2588 licet
486 2535 516 2587 et
527 2529 634 2588 sentire
647 2527 760 2605 sonare]

176 2612 328 2673 Praeterea
344 2613 474 2691 quoniam
485 2612 610 2671 manibus
622 2621 739 2672 tractatu
751 2611 840 2688 ligura

133 2696 300 2758 intenebris
313 2695 448 2775 quaedam
461 2698 646 2772 cognoscitur
655 2716 722 2757 esse
734 2697 833 2757 eadem
844 2714 918 2774 quae

63 2788 123 2845 230
136 2782 262 2842 cernitur
270 2781 299 2839 in
309 2778 376 2840 luce
391 2789 420 2840 et
433 2779 509 2838 claro
527 2779 666 2858 candore,
678 2788 830 2841 necessest

135 2861 275 2926 consimili
293 2881 378 2925 cansa
389 2873 494 2924 tactum
505 2865 652 2943 visumque
663 2867 781 2924 moveri.

133 2966 209 3008 nunc
219 2948 306 3026 igitur
316 2949 341 3008 si
353 2947 517 3026 quadratum
530 2955 699 3026 temptamus
714 2957 743 3008 et
757 2947 785 3007 id
796 2964 849 3008 nos

135 3041 296 3092 commoret
307 3033 335 3090 in
346 3031 491 3107 tenebris,
502 3031 529 3089 in
542 3031 599 3089 luci
611 3048 683 3110 quae
699 3032 804 3110 poterit
814 3048 863 3090 res

133 3115 267 3178 accidere
279 3116 313 3176 ad
325 3117 454 3195 speciem
465 3115 614 3195 onomata,
629 3115 683 3174 nisi
698 3117 759 3175 eius
771 3110 885 3191 imago?

67 3207 122 3261 235
136 3219 204 3262 esse
214 3201 243 3260 in
253 3200 420 3278 imaginibus
431 3207 605 3278 quapropter
616 3216 701 3258 causa
712 3197 825 3257 videtur

136 3282 272 3345 cernundi
284 3302 378 3362 neque
393 3302 483 3363 posse
495 3284 556 3343 sine
567 3282 611 3341 his
625 3300 673 3342 res
684 3281 741 3341 ulla
753 3279 852 3340 videri.

135 3386 210 3428 nunc
224 3385 259 3428 ea
274 3385 346 3446 quae
359 3367 531 3427 dicorerum
547 3364 695 3427 simulacra
706 3365 835 3425 feruntur
895 3431 898 3438 ¹

135 3452 258 3531 undique
274 3461 303 3512 et
313 3453 342 3510 in
354 3461 469 3512 cunctas
481 3451 619 3510 iaciuntur
629 3449 714 3510 didita
725 3450 829 3529 partis:

95 3538 254 3597 Lucmmus.
865 3533 882 3594 7
