2288 3886
544 216 557 276 Ι

131 390 255 464 propter
266 391 426 462 egestatem
435 381 549 460 linguae
562 391 591 443 et
603 400 698 444 rerum
709 385 876 444 novitatem:

67 477 121 532 rto
136 466 191 530 sed
202 476 250 528 tua
262 485 309 528 me
326 468 417 528 virtus
430 475 523 527 tamen
535 474 564 526 et
575 476 690 546 sperata
700 465 832 546 voluptas

132 553 230 614 suavis
243 552 384 614 amicitiae
399 551 528 629 quemvis
540 549 660 610 sufferre
672 549 800 611 laborem

132 634 237 698 suadet
252 643 282 695 et
292 633 400 695 inducit
410 642 514 695 noctes
526 633 646 711 vigilare
658 651 793 712 serenas,

133 726 321 798 quaerentem
332 717 415 779 dictis
431 717 533 796 quibus
546 726 575 778 et
585 735 642 796 quo
655 719 777 780 carmine
790 718 901 779 demum

134 802 213 863 clara
224 811 289 862 tuae
301 800 410 880 possim
420 800 617 881 praepandere
632 801 735 862 lumina
746 805 849 881 menti,

64 895 119 950 145
133 905 185 948 res
200 886 303 965 quous
316 883 445 946 occultas
456 886 569 964 penitus
583 887 735 947 convisere
747 888 851 966 possis.

176 968 259 1029 Hunc
273 969 361 1046 igitur
370 977 509 1029 terrorem
520 969 601 1029 animi
617 969 808 1049 tenebrasque
818 980 969 1033 necessest

133 1071 193 1114 non
203 1051 273 1112 radii
285 1051 356 1115 solis
369 1070 464 1131 neque
476 1051 570 1112 lucida
582 1051 640 1113 tela
652 1051 708 1112 diei

133 1137 303 1215 discutiant,
316 1135 369 1198 sed
380 1145 495 1197 naturae
507 1138 624 1216 species
638 1138 776 1216 ratioque.

132 1221 303 1300 principium
315 1221 395 1280 cuius
406 1219 472 1280 binc
486 1221 569 1281 nobis
581 1220 696 1281 exordia
707 1231 815 1297 sumet,

66 1316 120 1370 150
132 1304 240 1366 nullam
249 1322 311 1365 rem
322 1323 339 1364 e
351 1303 409 1364 nilo
422 1304 501 1382 gigni
513 1303 644 1364 divinitus
656 1322 792 1383 umquam.

134 1390 242 1469 quippe
255 1391 293 1451 ita
303 1386 424 1449 formido
435 1386 561 1449 mortalis
575 1390 700 1449 continet
712 1391 819 1466 omnis,

135 1472 213 1554 quod
223 1472 309 1532 multa
320 1474 348 1532 in
359 1474 444 1533 terris
456 1472 518 1532 fieri
531 1471 672 1550 caeloque
685 1483 815 1551 tuentur,

133 1575 254 1636 quorum
266 1574 384 1635 operum
397 1573 497 1619 causas
511 1554 588 1616 nulla
599 1556 706 1616 ratione
716 1557 816 1618 videre

134 1649 256 1721 possunt
270 1658 304 1700 ac
317 1641 378 1702 fieri
390 1639 485 1700 divino
496 1641 608 1701 numine
618 1649 724 1701 rentur.

64 1734 118 1788 155
135 1742 206 1803 quas
221 1725 258 1784 ob
270 1742 318 1784 ras
330 1723 379 1784 ubi
389 1725 541 1785 viderimus
553 1722 592 1784 nil
603 1742 692 1804 posse
706 1726 796 1786 creari

135 1808 172 1870 de
183 1807 259 1885 nilo,
271 1818 330 1869 tum
341 1808 417 1888 quod
433 1811 577 1888 sequimur
588 1810 641 1867 iam
652 1810 760 1868 rectius
771 1806 837 1867 inde

136 1894 363 1972 perspiciemus,
375 1901 405 1952 ct
415 1893 490 1952 unde
502 1900 587 1971 queat
598 1909 645 1950 res
658 1909 789 1969 quaeque
801 1892 891 1949 creari

136 1985 165 2037 et
178 1994 234 2055 quo
247 1994 378 2054 quaeque
392 1975 477 2036 modo
490 1977 555 2036 liant
567 1991 655 2054 opera
670 1976 731 2034 sine
747 1974 849 2033 divom.

177 2058 248 2120 Nam
259 2061 285 2121 si
295 2059 331 2119 de
342 2059 400 2118 nilo
412 2061 529 2136 fierent,
541 2077 578 2120 cx
589 2059 710 2120 omuibu'
722 2059 809 2119 rebus

68 2153 122 2208 150
139 2161 222 2205 omne
233 2161 325 2221 genus
337 2145 417 2204 nasci
427 2153 544 2222 posset,
558 2143 596 2204 nil
608 2145 715 2204 semine
728 2151 838 2221 egeret.

136 2245 241 2288 amare
258 2229 377 2307 primum
392 2227 537 2305 homines,
556 2238 663 2289 eterra
674 2238 776 2306 posset
792 2228 858 2288 oriri

136 2313 345 2392 squamigerum
356 2329 447 2388 genus
459 2321 488 2372 et
499 2311 633 2372 volucres
646 2328 796 2390 erumpere
810 2310 905 2371 caelo:

135 2405 260 2456 armenta
271 2405 356 2474 atque
368 2394 440 2456 aliae
452 2396 598 2475 pecudes,
611 2412 702 2471 genus
709 2411 797 2466 ,omne
809 2394 947 2471 terarum,

136 2481 247 2541 incerto
258 2489 340 2559 partu
352 2480 428 2540 culta
439 2498 473 2540 11
485 2479 599 2539 deserta
610 2485 756 2538 tenerent:

71 2572 123 2629 165
137 2582 192 2625 nec
203 2564 312 2625 fructum
323 2563 398 2625 idem
409 2564 557 2625 arboribus
571 2571 705 2623 constare
718 2559 864 2644 solerent,

137 2647 189 2710 scd
199 2657 390 2727 mutarentur,
403 2648 479 2708 ferre
495 2665 593 2708 omnes
607 2647 698 2707 omnia
709 2655 838 2725 possent.

135 2732 261 2812 quippe,
273 2733 321 2792 ubi
332 2749 388 2792 non
401 2741 500 2793 essent
511 2730 645 2810 genitalia
661 2747 782 2809 corpora
794 2731 913 2808 cuique,

137 2816 184 2895 qui
193 2821 295 2895 posset
307 2827 397 2878 mater
407 2817 494 2878 rebus
507 2819 666 2878 consistere
685 2811 784 2876 certa?

135 2909 163 2959 at
173 2917 249 2960 nunc
260 2902 414 2963 seminibus
426 2902 489 2980 quia
502 2903 588 2962 certis
601 2918 731 2980 quaeque
745 2909 891 2978 creantur,

73 2988 124 3046 170
137 2982 203 3044 inde
215 2987 357 3046 enascitur
368 2996 452 3064 atque
467 3004 530 3046 oras
542 2988 569 3045 in
581 2985 692 3045 luminis
709 2985 782 3060 exit,

134 3070 267 3131 materies
279 3070 327 3129 ubi
337 3072 411 3130 inest
422 3071 557 3146 cuiusque
570 3077 599 3129 et
611 3085 731 3147 corpora
743 3069 844 3146 prima:

134 3162 220 3231 atque
229 3152 284 3213 bac
295 3172 327 3214 re
338 3162 483 3232 nequeunt
496 3170 533 3212 ex
545 3152 674 3211 omnibus
686 3154 777 3212 omnia
788 3153 883 3228 gigni,

135 3235 213 3315 quod
224 3239 311 3298 certis
322 3239 350 3297 in
361 3237 448 3297 rebus
460 3238 534 3296 inest
546 3243 659 3296 secreta
671 3234 800 3296 facultas.

134 3330 286 3400 praeterea
297 3337 348 3382 cur
356 3338 426 3382 vere
438 3337 548 3397 rosam,
560 3318 700 3380 immenta
712 3318 825 3396 calore,

68 3410 119 3468 175
131 3406 207 3466 rites
217 3415 349 3466 autumno
361 3405 438 3465 fundi
450 3403 587 3465 suadente
598 3402 744 3480 videmus,

133 3490 160 3551 si
168 3507 242 3569 non,
257 3498 336 3551 certa
346 3507 398 3549 suo
411 3491 475 3569 quia
487 3497 617 3567 ternpore
628 3488 734 3548 semina
744 3503 839 3546 rerum
