2288 3886
119 330 197 390 inter
209 346 260 404 se,
270 325 372 388 validis
383 326 481 387 lacere
493 326 521 387 id
533 328 703 405 cogentibus
714 330 836 406 austris,

58 423 112 478 000
124 412 221 473 donec
233 410 351 471 flammai
364 408 504 472 fulserunt
517 410 588 470 lore
601 412 720 472 coorto’

122 494 256 571 scilicet,
271 503 301 555 et
311 512 368 554 non
380 503 425 555 est
437 494 523 573 lignis
538 503 630 554 tamen
643 497 743 556 insitus
756 498 853 575 ignis,

18 644 22 649 ,
122 597 226 640 uerum
237 579 344 640 semina
356 587 422 639 sont
433 577 542 639 ardoris
554 577 655 656 multa,
667 581 785 640 terendo

123 681 200 745 quae
214 680 277 723 curn
290 661 474 739 conduxere,
488 673 584 724 creant
596 663 726 723 incendia
736 663 831 725 siluis:

123 746 240 829 quodsi
252 745 326 807 lacta
338 745 504 807 ioretsilvis
516 747 681 807 abscondita
693 746 815 825 flamma,

60 841 112 896 905
126 849 186 892 non
197 839 318 910 possent
328 828 417 889 ullum
427 840 539 909 tempus
552 830 673 891 celarier
683 833 782 910 ignes,

125 915 305 976 conficerent
316 913 404 992 volgo
416 912 520 990 silvas,
532 915 647 975 arbusta
658 925 824 975 cremarent.

124 1000 219 1059 iamne
231 997 314 1058 rides
324 999 427 1075 igitur,
439 997 524 1077 paulo
536 998 612 1076 quod
624 998 742 1059 diximus
754 1010 835 1075 ante,

123 1083 275 1163 permagni
284 1082 395 1142 relerre
407 1081 507 1142 eadem
519 1082 670 1161 pn‘rnordia
683 1100 771 1161 saepe

126 1185 192 1227 eum
205 1164 308 1244 quibus
320 1175 350 1226 et
362 1164 438 1244 quali
451 1166 577 1243 positura
590 1167 784 1226 contineantur

58 1260 113 1315 910
127 1259 158 1311 et
170 1265 243 1329 quos
255 1250 328 1309 inter
340 1268 373 1309 se
386 1249 452 1309 dent
463 1260 555 1310 motus
567 1251 781 1329 accipiantque,

125 1343 214 1413 atque
225 1332 326 1393 eadam
337 1332 422 1412 paulo
435 1335 510 1392 inter
521 1352 554 1393 se
564 1343 668 1393 mutata
679 1352 777 1396 oreore

124 1420 210 1496 ignes
221 1425 251 1477 et
263 1413 389 1495 lignum?
401 1434 457 1495 quo
469 1427 554 1495 pacto
565 1418 653 1478 verba
666 1437 781 1497 quoque
793 1423 854 1499 ipsa

125 1504 202 1562 inter
213 1519 246 1561 se
260 1499 344 1580 paulo
355 1503 467 1560 mutatis
479 1511 544 1562 sunt
555 1500 719 1579 elementis,

127 1604 193 1646 eum
203 1583 280 1662 ligna
289 1594 374 1664 atque
386 1587 469 1662 ignes
481 1583 611 1646 distincta
621 1603 696 1646 voce
707 1597 846 1647 notemus.

58 1679 113 1734 915
126 1669 252 1748 denique
262 1670 316 1728 iam
328 1686 400 1748 quae
413 1687 533 1747 eumque
544 1672 572 1728 in
584 1671 669 1731 rebus
682 1673 774 1730 cernis
787 1675 892 1750 apertis

127 1755 153 1814 si
167 1753 227 1813 lieri
238 1769 295 1812 non
306 1770 395 1831 posse
407 1760 506 1831 putas,
519 1755 585 1831 quin
596 1756 721 1813 materiai

127 1854 252 1917 corpora
263 1835 402 1896 consimili
412 1845 508 1897 natura
519 1836 645 1914 praedita
657 1838 763 1914 lingas,

125 1922 181 1982 hac
192 1922 301 1981 ratione
312 1920 364 1981 tibi
375 1930 496 2000 pereunt
507 1920 658 1999 primordia
668 1938 776 1979 rerum:

127 2006 178 2066 liet
188 2007 229 2065 uti
240 2007 300 2065 risu
311 2004 432 2066 tremulo
446 2022 587 2066 concussa
598 2003 764 2065 cachinnent

62 2098 116 2155 920
128 2098 159 2150 et
170 2088 295 2150 lacrimis
308 2087 392 2150 salsis
403 2099 548 2150 umectent
561 2107 609 2149 ora
620 2107 775 2169 genasque.

169 2172 253 2232 Nunc
264 2189 336 2251 ege,
349 2171 426 2251 quod
438 2184 581 2252 superest
595 2191 741 2252 cognosce
753 2182 782 2234 et
794 2173 896 2236 clarius
909 2176 984 2237 audi„

127 2275 184 2317 neo
195 2275 241 2317 me
253 2257 335 2316 animi
345 2255 417 2316 lallit
430 2275 511 2335 quam
523 2260 578 2318 sint
589 2259 726 2318 obscura:
738 2257 790 2318 sed
801 2262 859 2319 acri

127 2342 273 2421 percussit
284 2339 384 2418 thyrso
399 2338 489 2401 laudis
503 2361 572 2421 spes
583 2359 681 2419 magna
694 2358 786 2401 meum
798 2359 848 2401 eor

129 2434 159 2485 et
173 2423 256 2486 simul
267 2426 387 2485 incussit
398 2442 514 2486 suavem
525 2429 561 2484 mi
572 2428 601 2484 in
612 2434 714 2503 pectus
726 2441 849 2483 amorem

67 2516 116 2572 005
130 2526 289 2586 musarum,
303 2525 360 2588 quo
371 2527 445 2569 nune
456 2511 604 2570 instinctus
617 2517 711 2569 mente
728 2509 836 2585 rigenti

129 2594 191 2653 avia
202 2590 342 2653 Pieridum
352 2610 476 2672 peragro
487 2592 552 2654 loca
562 2591 666 2653 nullius
678 2601 741 2653 ante

130 2679 195 2737 tn'ta
207 2675 280 2737 solo.
294 2677 370 2737 iuvat
381 2678 508 2754 integros
520 2678 662 2739 accedere
673 2678 759 2738 fontis

129 2769 214 2840 atque
225 2760 353 2838 haurire,
366 2763 498 2840 iuvatque
510 2779 601 2824 novos
614 2762 773 2841 decerpere
787 2761 873 2824 llores

130 2846 327 2924 insignemque
336 2863 401 2905 meo
415 2847 499 2924 capiti
511 2857 611 2925 petere
623 2845 688 2906 inde
701 2863 850 2925 eoronam,

71 2927 204 2991 9000010
216 2931 295 3008 prius
306 2928 375 2989 nulli
387 2929 505 2989 velarint
517 2940 644 3010 tempora
654 2948 750 2990 musae
761 2953 768 2998 ;

130 3015 248 3092 primurn
260 3013 337 3091 quod
347 3015 454 3090 magnis
467 3013 559 3075 doceo
570 3015 606 3075 de
617 3014 704 3074 rebus
717 3023 745 3074 et
757 3016 824 3074 artis

131 3096 300 3176 religionum
311 3099 431 3157 animum
440 3098 522 3158 nodis
535 3097 688 3160 exsolvere
700 3115 808 3176 pergo,

132 3181 235 3242 deinde
248 3181 325 3260 quod
336 3181 458 3243 obscura
469 3181 504 3241 da
516 3201 548 3242 re
560 3194 615 3243 tam
627 3180 720 3241 lucida
731 3198 825 3259 pango

132 3267 267 3343 earmina,
281 3282 397 3325 musaeo
408 3268 575 3343 contingens
592 3275 692 3326 cuncta
704 3263 814 3343 lepore.

72 3353 121 3411 005
131 3348 160 3409 id
175 3367 291 3429 quoque
302 3350 376 3410 enim
386 3367 443 3410 non
454 3350 489 3409 ab
499 3349 577 3410 nulla
588 3352 697 3410 ratione
708 3348 835 3409 ridetur:

20 3432 23 3437 ’
131 3433 184 3495 sed
194 3432 283 3495 veluti
295 3434 392 3513 pueris
404 3434 541 3494 absinthia
552 3443 641 3495 taetra
651 3433 799 3494 medentes
