2288 3886
133 178 194 241 lan
611 178 647 238 lv

216 347 277 406 sive
288 347 378 405 virum
390 346 508 407 suboles
521 348 611 406 sivest
623 345 767 406 muliebris
782 350 873 426 origo.

132 439 200 493 1225
257 427 320 489 Νο0
332 429 424 490 divina
438 438 527 490 saturn
543 429 695 507 genitalem
709 432 818 491 numina
835 434 963 510 cuiquam

216 515 392 591 absterrent,
406 522 513 592 patera
524 515 616 589 gnatis
630 531 665 573 ne
677 512 807 574 dulcibus
820 534 949 594 umquam

215 596 376 677 appelletur
387 607 416 657 et
428 607 458 657 ut
469 595 559 657 sterili
571 597 684 655 Venere
700 600 793 674 exigat
807 618 922 667 aevom;

216 681 292 760 quod
303 680 470 759 plerumque
482 689 596 759 putant,
613 690 641 739 et
655 680 742 741 multo
754 685 890 759 sanguine
903 685 1003 743 maesti

217 774 410 842 conspergunt
421 781 483 824 aras
496 763 667 842 adolentque
682 763 776 824 altaria
790 765 888 843 donis,

133 857 201 910 1230
215 857 245 907 ut
260 847 390 925 gravidas
401 847 518 907 reddant
529 865 633 907 uxores
646 851 753 907 semiue
765 848 863 926 largo,

214 933 400 1011 nequiquam,
417 931 510 991 divom
522 948 624 990 numen
635 934 778 1010 sortisque
791 932 917 1010 fatigant.

216 1033 278 1074 nam
289 1013 403 1075 steriles
413 1017 526 1075 nimium
538 1033 636 1075 crasso
649 1025 713 1075 sunt
729 1018 837 1076 somine
847 1019 962 1095 partim,

217 1109 246 1159 et
258 1098 365 1177 liquido
376 1109 491 1177 praeter
501 1101 603 1158 iustum
615 1101 750 1177 tenuique
762 1101 897 1177 uicissim.

216 1193 302 1243 tenve
314 1182 387 1242 locis
400 1185 530 1262 quianon
542 1184 618 1260 potis
630 1192 675 1242 est
688 1182 813 1260 adfigere
826 1183 997 1262 adhaesum,

60 1308 64 1315 ·
134 1276 200 1328 1235
215 1266 330 1347 liquitur
342 1266 486 1345 extemplo
496 1277 525 1326 et
536 1276 700 1325 revocatum
713 1266 789 1327 cedit
800 1267 910 1328 abortu.

217 1353 340 1410 crassius
352 1351 396 1409 luis
408 1367 494 1428 porro
507 1351 637 1427 quoniam
650 1351 812 1410 concretius
825 1369 917 1428 aequo

216 1436 350 1511 mittitur,
366 1443 412 1492 aut
424 1451 479 1492 non
491 1442 546 1492 tam
556 1432 669 1511 prolixo
682 1434 813 1511 provolat
824 1437 882 1494 ictu

216 1527 263 1576 aut
273 1527 424 1596 penetrare
438 1516 520 1576 locos
532 1535 624 1596 aeque
636 1519 734 1595 nequit
748 1526 794 1577 aut
806 1528 982 1596 penetratum

216 1619 302 1678 aegre
314 1598 485 1661 admiscetur
496 1600 625 1660 muliebri
640 1602 748 1660 semine
760 1619 867 1660 semen.

134 1693 201 1747 taso
216 1703 278 1743 uam
287 1683 403 1744 multum
415 1685 575 1744 harmoniae
586 1682 709 1744 Veneris
724 1683 837 1744 differre
851 1685 989 1746 videntur.

216 1778 301 1848 atque
315 1767 384 1829 alias
396 1768 442 1828 alii
455 1767 600 1847 complent
615 1770 721 1845 magis,
736 1786 772 1828 ex
783 1767 902 1846 aliisque

217 1855 377 1932 succipiunt
388 1852 459 1912 aliae
473 1853 584 1932 pondus
595 1855 684 1929 magis
696 1854 781 1930 inque
795 1864 977 1929 gravescunt.

217 1946 246 1997 et
257 1935 362 1997 multae
374 1937 489 1998 steriles
501 1936 672 2012 Hymenaeis
685 1946 749 1995 ante
761 1935 875 1995 fuerunt

217 2019 362 2098 pluribus,
381 2030 409 2080 et
421 2030 520 2079 nactae
533 2030 599 2097 post
612 2028 675 2079 suut
688 2029 780 2078 tamen
795 2020 868 2079 unde
881 2019 996 2098 puellos

135 2113 201 2166 1245
217 2107 366 2181 suscipere
378 2113 407 2163 et
420 2113 500 2182 partu
512 2112 632 2181 possent
645 2101 787 2162 ditescere
801 2103 884 2163 dulci.

217 2197 247 2247 et
258 2188 359 2266 quibus
370 2197 434 2247 ante
449 2186 523 2246 dorni
535 2186 674 2246 fecundae
686 2204 774 2265 saepe
785 2189 951 2265 nequissent

217 2289 322 2332 uxores
337 2289 454 2350 parere,
467 2273 608 2331 inventast
620 2269 677 2330 illis
690 2288 802 2350 quoque
817 2288 933 2350 compar

217 2365 332 2432 natura,
345 2365 375 2414 ut
386 2366 506 2433 possent
519 2357 612 2433 gnatis
626 2357 734 2414 munire
746 2365 900 2414 senectam.

217 2459 310 2519 usque
325 2440 397 2499 adeo
413 2442 504 2518 magni
517 2438 622 2515 refert,
635 2449 665 2498 ut
679 2440 786 2500 semina
797 2441 908 2516 possint

136 2533 201 2584 1250
217 2525 370 2584 seminibus
383 2524 561 2583 commisceri
577 2522 738 2600 genitaliter
749 2531 829 2601 apta,

218 2625 370 2686 crassaque
383 2609 550 2666 conveniunt
564 2604 675 2685 liquidis
689 2616 717 2665 et
730 2606 833 2684 liquida
849 2608 962 2666 crassis.

218 2701 303 2769 atque
314 2691 342 2748 in
355 2708 391 2750 00
403 2691 491 2750 101011
504 2707 560 2769 quo
571 2691 648 2748 victu
660 2691 717 2748 vita
733 2689 856 2750 colatur:

218 2792 336 2852 namque
348 2773 409 2834 01110
424 2775 510 2834 rebus
524 2783 713 2833 concrescunt
725 2775 830 2833 semina
842 2774 992 2850 membris,

217 2868 302 2935 atque
314 2855 376 2917 aliis
388 2867 575 2917 extenvantur
585 2858 739 2935 tabentque
751 2858 885 2916 vicissim.

134 2950 201 3002 1255
217 2952 245 3001 01
260 2942 361 3020 quibus
373 2944 435 3021 ipsa
446 2941 536 3001 modis
551 2950 687 3000 tractetur
697 2939 798 3000 blanda
809 2941 959 3021 uoluptas,

215 3024 244 3083 id
257 3043 371 3104 quoque
382 3024 527 3104 permagni
537 3024 640 3084 refert:
652 3043 714 3083 nam
724 3041 803 3084 more
816 3026 937 3085 ferarum

218 3108 484 3189 quadrupedumque
496 3110 585 3185 magis
597 3111 651 3168 ritu
665 3107 832 3186 plerumque
847 3119 978 3188 putantur

218 3194 372 3270 concipere
384 3211 508 3271 uxores,
526 3194 590 3271 quia
602 3194 643 3252 sic
655 3191 719 3251 loca
728 3211 842 3253 sumere
854 3203 991 3272 possunt,

217 3277 381 3355 pectoribus
394 3278 512 3356 positis,
526 3275 645 3336 sublatis
656 3277 762 3335 semina
774 3276 886 3336 lumbis.

134 3370 201 3424 1100
214 3378 270 3420 nec
282 3357 384 3419 molles
398 3362 463 3440 opu'
476 3368 541 3420 sunt
551 3368 643 3419 motus
655 3360 791 3420 uxoribus
803 3359 898 3420 hilum.

217 3461 280 3504 nam
291 3441 391 3502 mulier
402 3443 535 3522 probibet
550 3463 582 3503 se
596 3445 750 3521 concipere
762 3453 846 3524 atque
857 3451 1016 3522 repugnat,
