2288 3886
559 158 598 216 lV

167 327 244 408 quod
256 324 340 386 simul
351 335 438 403 atque
450 328 509 386 suis
525 328 648 385 eiectum
659 323 776 387 sedibus
788 330 863 403 erit,

79 425 149 477 1035
164 429 219 494 per
230 410 356 470 membra
370 418 456 488 atque
467 420 544 470 artus
559 408 673 468 decedit
689 427 810 488 corpore
822 420 901 488 toto,

165 501 195 557 in
209 495 275 555 loca
289 495 465 554 couveniens
477 511 629 553 nervorum
644 503 740 569 certa,
758 496 872 572 cietque

167 580 301 641 contiuuo
317 578 405 656 partis
417 577 549 655 genitalis
566 579 696 655 corporis
707 578 795 655 ipsas.

165 665 276 723 inritata
286 669 394 720 tument
404 660 469 720 loca
484 664 608 738 semine,
622 661 708 738 litque
720 659 849 723 voluntas

168 750 266 808 eicere
277 744 305 804 id
321 762 377 823 quo
392 763 425 806 se
438 745 582 806 contendit
595 744 654 805 dira
664 744 779 822 lubido,

83 843 152 898 todo
167 831 253 910 idque
265 830 337 910 petit
349 847 471 908 corpus,
487 848 567 890 mens
582 829 656 889 unde
668 839 712 888 est
724 830 820 889 saucia
831 847 941 890 amore:

166 921 289 993 namque
305 931 404 974 omnes
415 913 584 992 plerumque
597 913 698 972 cadunt
709 915 737 971 iu
751 912 914 990 vulnus,‘et
927 913 1003 976 illam

168 1000 273 1059 emicat
283 999 312 1056 in
327 1006 436 1076 partem
446 1000 578 1075 sanguis,
590 996 665 1056 unde
676 998 775 1056 icimur
784 999 859 1074 ictu,

168 1084 235 1144 etsi
247 1082 401 1141 comminus
417 1092 479 1159 est,
492 1081 604 1142 hostem
619 1081 706 1140 ruber
716 1090 837 1159 occupat
849 1099 937 1141 umor.

169 1167 309 1243 sicigitur
321 1163 444 1226 Veneris
457 1167 504 1245 qui
518 1165 584 1226 telis
596 1166 701 1243 accipit
713 1166 804 1241 ictus,

83 1263 153 1318 1045
170 1253 233 1312 sive
243 1267 316 1330 puer·
326 1249 460 1311 membris
471 1248 655 1310 muliebribus
666 1248 741 1308 hunc
753 1248 891 1309 iaculatur

170 1353 223 1396 seu
234 1332 337 1393 mulier
347 1342 408 1393 toto
420 1335 526 1394 iaotaus
538 1353 555 1394 e
567 1351 689 1413 corpore
699 1349 840 1410 amorem,

170 1418 244 1478 unde
256 1418 373 1495 feritur,
390 1436 426 1478 eo
439 1418 545 1496 tendit,
558 1421 702 1498 gestitque
715 1419 792 1477 coire

171 1510 200 1562 et
211 1504 307 1562 iacere
319 1520 445 1561 umorem
460 1505 488 1562 in
501 1521 605 1582 corpus
618 1503 653 1562 de
666 1519 788 1580 corpore
801 1501 931 1562 ductum:

170 1604 290 1665 namque
301 1585 476 1665 voluptatem
489 1590 632 1667 praesagit
646 1596 721 1647 muta
735 1587 847 1665 cupido.

87 1683 156 1736 1050
211 1669 290 1729 Haeo
301 1668 401 1732 Venus
413 1681 459 1731 est
471 1672 568 1732 uobis:
580 1671 645 1731 hinc
656 1680 777 1731 autemst
789 1688 901 1730 momen
913 1673 1031 1749 amoris,

170 1754 235 1813 hinc
247 1752 339 1813 illaec.
348 1757 466 1833 primum
477 1754 598 1815 Veneris
614 1754 770 1814 dulcedinis
783 1757 811 1813 iu
825 1772 875 1813 cor

172 1837 287 1899 stillavit
297 1847 392 1916 gutta,
406 1848 435 1899 et
447 1839 590 1898 successit
601 1837 703 1914 frigida
715 1855 796 1896 cura:

171 1940 234 1981 narn
246 1924 271 1982 si
282 1922 364 1984 abest
377 1922 452 2003 quod
463 1941 550 2000 aves,
560 1931 676 2002 praesto
690 1919 840 1980 simulacra
850 1929 943 1979 tamen
955 1933 1019 1980 snut

171 2005 247 2066 illius
260 2015 289 2065 et
298 2023 402 2066 nomen
415 2006 500 2067 dulce
514 2007 681 2067 obversatur
694 2003 730 2065 ad
741 2006 824 2066 auris.

90 2104 156 2156 1055
172 2089 225 2152 sed
235 2090 358 2167 fugitare
370 2091 455 2152 decet
467 2092 616 2152 simulacra
632 2100 661 2150 et
673 2089 775 2168 pabula
789 2092 891 2151 amoris

173 2175 337 2234 absterrere
348 2177 403 2236 sibi
415 2186 500 2255 atque
512 2176 568 2237 alio
582 2185 752 2236 convertere
764 2185 888 2236 mentem

161 2268 202 2346 (et
213 2260 309 2319 iacere
322 2277 449 2320 umorem
462 2260 623 2321 conlectum
633 2262 661 2318 in
678 2276 798 2338 corpora
810 2277 957 2338 quaeque,

172 2361 228 2402 nec
239 2345 383 2421 retinere,
397 2344 487 2405 semel
499 2362 668 2405 conversum
680 2345 761 2403 nnius
772 2360 884 2418 amore,

173 2437 201 2488 et
213 2445 330 2488 servare
341 2429 395 2489 sibi
409 2448 503 2489 curam
515 2439 679 2507 certumque
692 2425 833 2486 dolorem:

90 2523 158 2577 1060
172 2511 255 2572 ulcus
272 2515 346 2572 euim
361 2515 483 2576 vivescit
494 2524 524 2574 et
538 2513 721 2573 inveterascit
732 2507 853 2586 alendo,

172 2599 257 2674 inque
269 2596 330 2656 dies
341 2596 439 2674 gliscit
450 2599 530 2658 furor
539 2608 623 2677 atque
635 2612 766 2657 aerumna
774 2593 934 2673 gravescit,

173 2683 197 2741 si
209 2698 266 2739 non
279 2682 366 2760 prima
376 2685 458 2742 novis
471 2683 625 2743 conturbes
635 2679 753 2740 volnera
763 2678 857 2758 plagis

172 2764 382 2845 volgivagaque
394 2784 484 2844 vagus
496 2766 611 2827 Venere
621 2774 685 2826 ante
699 2766 825 2826 recentia
838 2782 922 2826 cures

172 2857 219 2907 aut
230 2847 286 2908 alio
297 2851 393 2928 possis
404 2853 488 2909 animi
498 2849 648 2910 traducere
660 2860 762 2910 motus.
945 2849 948 2854 ’

90 2941 156 2996 1065
213 2931 277 2992 Nec
287 2932 410 2993 Veneris
422 2935 514 2994 irootu
527 2945 605 2995 caret
617 2935 641 2994 is
654 2935 701 3011 qui
715 2935 783 2992 vitat
793 2950 935 3007 amorem,

174 3016 227 3076 sed
238 3019 333 3095 potius
344 3036 416 3097 quae
429 3029 493 3078 sunt
504 3021 566 3079 sine
578 3034 671 3097 poena
682 3015 828 3076 commoda
840 3016 936 3076 sumit:

173 3117 237 3159 nam
253 3111 331 3162 certe
343 3110 440 3181 purast
450 3106 526 3164 sauls
536 3104 626 3180 magis
638 3100 703 3159 inde
715 3098 846 3176 voluptas

175 3201 257 3262 quam
267 3187 387 3246 miseris.
401 3190 505 3246 etenim
519 3185 646 3266 potiundi
657 3194 787 3262 tempore
799 3185 826 3242 iu
838 3184 902 3262 ipso

175 3267 290 3328 fluctuat
303 3271 419 3336 incertis
432 3272 576 3331 erroribus
588 3269 672 3329 ardor
684 3276 839 3344 amentum,

93 3359 158 3412 1070
172 3371 227 3412 uec
240 3363 353 3414 constat
365 3353 431 3431 quid
442 3357 561 3433 primum
571 3353 663 3413 oculis
674 3352 858 3430 manibusque
870 3351 1005 3412 fruantur.

174 3436 249 3514 quod
261 3439 390 3515 petiere,
406 3446 536 3514 premunt
545 3446 624 3516 arte,
640 3436 802 3513 faciuntque
815 3434 943 3497 dolorem
