2288 3886
545 212 585 274 vl

149 388 350 459 perpetuoque
363 378 450 439 fluunt
462 382 548 440 cortis
559 381 593 440 ab
605 381 691 442 rebus
703 382 821 447 odores:

80 475 141 530 925
151 463 242 540 irignrs
254 472 284 523 ut
296 481 312 523 a
325 462 416 523 fluviis
427 509 436 540 ‚
449 463 527 523 calor
537 464 572 523 ab
586 464 666 542 sole,
682 476 777 527 aestus
789 466 916 527 abundis

150 548 300 626 aequoris,
315 563 421 607 exesor
431 564 607 623 moerorum,
623 547 704 607 litora
715 560 847 628 propter:

150 634 207 690 ricc
218 633 286 689 varii
300 639 415 690 cessant
426 633 535 691 sonitus
547 649 658 690 manare
671 649 723 709 por
734 651 830 693 auras:

151 713 274 792 denique
285 716 313 773 in
329 731 361 773 os
375 713 442 773 salsi
456 716 533 773 venit
544 732 624 773 umor
635 733 722 792 saepe
735 719 862 794 saporis,

152 816 216 857 cum
227 815 303 857 mare
314 815 460 857 versamur
470 808 604 876 propter,
619 797 762 877 dilutaque
776 809 872 858 contra

78 892 136 947 930
151 899 214 941 cum
225 883 327 941 tuimur
337 883 451 942 misceri
466 881 619 958 absinthia,
633 884 721 958 tangit
732 899 849 941 amaror.

149 963 326 1043 usqueadeo
339 965 467 1024 omnibus
479 964 513 1023 ab
525 965 611 1024 rebus
626 985 673 1024 res
686 983 815 1044 quaeque
828 966 949 1028 fluenter

152 1050 241 1109 fertur
253 1058 282 1108 et
296 1050 323 1107 in
337 1058 453 1108 cunctas
465 1047 609 1108 dimittitur
619 1048 742 1126 undique
754 1052 859 1127 partis,

151 1150 205 1192 nec
217 1149 294 1191 mora
305 1149 361 1191 nec
370 1134 484 1210 requies
497 1131 652 1191 interdatur
662 1132 718 1191 ulla
732 1132 852 1208 fluendi,

152 1225 293 1295 perpetuo
307 1217 436 1293 quoniam
448 1218 584 1276 sentimus
599 1226 628 1275 et
639 1218 729 1275 omnia
745 1234 868 1295 semper.

83 1309 137 1364 935
151 1300 283 1378 [cernere
297 1300 408 1358 odorari
420 1298 489 1359 licet
502 1309 530 1359 et
542 1301 648 1360 sentire
662 1299 774 1378 sonare]

192 1381 273 1441 Nunc
287 1383 375 1442 omnis
388 1392 514 1462 repetam
527 1402 608 1461 quum
619 1401 682 1442 raro
698 1399 819 1461 corpore
833 1385 887 1444 sint
899 1403 946 1446 res

152 1483 386 1535 commemorare;
399 1466 475 1545 quod
489 1469 516 1525 in
529 1470 618 1546 primo
633 1485 747 1545 qnoque
760 1471 881 1527 carmine
894 1468 996 1531 claret.

152 1552 258 1630 quippe
270 1552 391 1627 etenim,
406 1569 571 1629 quamquam
582 1551 681 1612 multas
693 1552 749 1611 hoc
760 1554 883 1631 pertinet
894 1553 928 1613 ad
939 1573 986 1615 rcs

150 1652 292 1711 noscere,
307 1636 478 1712 cumprimis
491 1635 563 1695 hanc
574 1636 608 1695 ad
622 1655 682 1695 rem
693 1640 820 1715 protinus
832 1640 939 1716 ipsam,

84 1728 139 1782 940
151 1736 206 1797 qua
219 1718 253 1777 de
266 1717 409 1777 disserere
423 1716 589 1794 adgredior,
609 1721 716 1779 firmare
731 1730 882 1780 necessest

151 1801 190 1861 nil
201 1821 268 1862 esse
279 1803 307 1859 in
318 1811 449 1880 promptu
462 1803 515 1861 nisi
529 1805 643 1861 mixtum
656 1819 760 1880 corpus
772 1805 853 1861 inani.

151 1887 291 1965 principio
304 1885 333 1944 iit
345 1888 413 1944 utin
424 1884 570 1963 speluncis
581 1903 647 1944 saxa
658 1903 782 1963 superne

151 1970 254 2030 sudent
265 1987 362 2028 umore
376 1978 405 2028 et
416 1971 504 2046 guttis
517 1969 683 2028 manantibu’
695 1969 811 2029 stillent.

152 2062 242 2113 manat
252 2055 319 2113 item
332 2055 414 2112 nobis
431 2062 520 2113 etoto
535 2071 658 2133 corpore
671 2054 775 2130 sudor,

84 2147 140 2202 945
153 2139 257 2197 crescit
267 2137 354 2196 barba
368 2137 475 2215 pilique
488 2156 541 2216 per
553 2140 642 2197 omnia
653 2138 793 2215 membra,
806 2155 860 2216 per
871 2148 955 2199 artus.

152 2221 253 2281 diditur
264 2222 292 2279 in
305 2239 393 2281 venas
407 2221 486 2282 cibus
500 2224 605 2299 omnis,
620 2232 721 2299 auget,
735 2222 840 2299 alitque

153 2306 282 2383 corporis
296 2314 436 2365 extremas
450 2322 563 2383 qnoque
575 2307 661 2382 partis
673 2304 910 2383 unguiculosqne.

152 2390 242 2466 frigus
255 2390 322 2447 item
334 2392 514 2467 transireper
527 2406 592 2464 aes⁷
608 2388 783 2466 calidumque
798 2404 950 2466 vaporem,

152 2474 306 2550 sentimus,
323 2475 458 2533 sentimus
470 2476 537 2532 item
552 2473 670 2531 transire
682 2490 734 2551 per
745 2489 840 2530 aurum

85 2567 141 2621 950
151 2566 236 2635 atque
251 2574 303 2635 per
314 2567 478 2634 argentum,
493 2574 556 2616 cum
567 2555 670 2634 pocula
682 2555 765 2635 plena
776 2564 914 2614 tenemus.

153 2640 274 2719 denique
289 2659 341 2718 per
355 2640 482 2719 dissepta
493 2641 638 2699 domorum
650 2658 736 2701 saxea
746 2657 835 2700 voces

153 2723 341 2802 pervolitant,
354 2735 498 2804 permanat
511 2725 581 2784 odor
592 2724 739 2803 frigusque
754 2740 901 2803 vaposque

154 2810 244 2886 ignis,
259 2810 306 2887 qui
318 2809 386 2868 ferri
398 2826 511 2887 quoque
523 2811 579 2873 vim
592 2820 742 2888 penetrare
755 2811 849 2869 suevit

153 2891 276 2971 denique
292 2911 347 2969 qua
359 2895 465 2952 circum
479 2891 551 2952 Galli
562 2892 651 2952 lorica
664 2901 790 2952 coercet.

87 2985 140 3039 955
152 2975 278 3036 morbida
289 2977 390 3054 visque
406 2977 504 3053 simul,
522 2995 584 3036 cnm
599 2979 778 3036 extrinsecus
790 2976 958 3051 insinuatur,

154 3079 170 3119 e
184 3068 354 3138 tempestate
368 3061 396 3117 in
409 3068 486 3121 terra
499 3059 638 3137 caeloque
651 3068 793 3135 coortast,

154 3146 181 3203 in
197 3142 306 3203 caelum
317 3153 465 3221 terrasque
478 3152 600 3203 remotas
612 3145 672 3202 iure
686 3142 844 3209 iacessunt;

156 3227 381 3307 quandoquidem
395 3227 433 3286 nil
446 3238 491 3289 est
502 3228 554 3287 nisi
566 3243 629 3286 raro
642 3228 763 3305 corpori’
777 3244 859 3285 nexn.

195 3310 258 3371 Huc
270 3311 382 3372 accedit
393 3314 432 3371 uti
443 3329 499 3371 non
512 3312 620 3388 omnia,
634 3328 705 3389 quae
720 3312 856 3369 iaciuntur

89 3402 143 3457 960
155 3412 276 3474 corpora
288 3414 408 3474 cumque
418 3397 453 3456 ab
464 3396 550 3456 rebus
560 3440 568 3472 ,
579 3394 682 3454 eodem
693 3395 818 3472 praedita
827 3411 914 3455 sensu

153 3488 237 3558 atque
251 3478 353 3540 eodem
365 3489 449 3558 pacto
461 3480 548 3539 rebus
559 3481 614 3540 sint
627 3479 756 3540 omnibus
769 3489 841 3559 apta.
