2288 3886
558 217 584 276 V

151 383 183 444 id
194 381 264 444 licet
276 382 342 444 hinc
358 382 486 460 quamvis
497 380 595 441 hebeti
607 398 785 459 cognoscere
798 386 894 446 corde.

81 477 141 533 880
154 468 296 548 principio
309 467 416 527 circum
426 466 516 525 tribus
528 465 598 524 actis
610 466 730 544 impiger
740 469 819 530 annis

152 551 237 612 lloret
252 567 343 629 equus
352 567 446 630 ,puer
455 548 522 609 baut
536 566 862 632 quaquumznamsaepe
874 555 1044 621 etiamnunc

151 635 240 696 ubera
250 643 429 694 marnma'rum
438 635 465 693 in
478 634 582 694 somnis
594 630 725 693 lactantia
737 646 869 713 quaeret:

150 726 218 800 post
228 719 276 778 ubi
289 736 392 795 equum
402 717 511 778 validae
522 719 599 777 vires
610 725 703 777 aetate
714 728 833 780 senecta

150 802 331 881 membraque
343 802 476 862 deliciunt
489 800 608 878 fugienti
620 799 751 878 languida
759 805 832 883 vita,

80 897 139 951 885
153 897 211 948 tum
225 887 336 947 demum
347 887 444 965 pueris
456 901 529 944 aevo
541 883 660 944 florente
671 886 799 947 iuventas

150 972 257 1049 occipit
270 979 299 1030 et
311 969 389 1030 molli
401 971 488 1030 restit
500 967 632 1046 lanugine
644 968 744 1037 mulas;

148 1073 186 1114 ne
198 1053 273 1114 forte
287 1072 325 1113 ex
335 1053 447 1113 homine
461 1062 490 1113 et
501 1055 630 1112 veterino
645 1053 752 1112 semine
765 1058 901 1131 equorum

149 1138 265 1198 confieri
277 1138 376 1198 credas
390 1135 546 1197 Centauros
561 1154 648 1216 posse
660 1154 755 1214 neque
768 1155 853 1216 esse,

149 1230 195 1283 aut
206 1220 309 1281 rabidis
322 1221 437 1281 canibus
451 1222 611 1281 succinctus
624 1220 805 1281 semimarinis

79 1315 137 1372 890
149 1305 317 1384 corporibus
329 1303 458 1382 Scyllas,
472 1313 501 1364 et
513 1314 609 1364 cetera
623 1304 658 1363 de
670 1322 777 1381 genere
789 1304 905 1385 horum,

148 1392 223 1449 inter
234 1407 267 1449 se
278 1405 396 1467 quornm
408 1387 547 1448 discordia
558 1388 682 1447 membra
693 1387 835 1458 vicenum

149 1491 222 1552 quae
236 1490 330 1551 neque
342 1471 497 1533 florescunt
508 1473 613 1551 pariter
622 1490 677 1531 nec
687 1472 790 1533 robora
803 1489 913 1539 sumunt

149 1557 317 1636 corporibus
328 1574 422 1634 neque
435 1557 574 1633 proiciunt
586 1565 678 1618 aetate
690 1567 823 1638 senecta,

147 1659 202 1701 nec
216 1639 300 1701 simili
310 1639 426 1700 Venere
438 1640 589 1700 ardescunt
600 1658 655 1700 neo
667 1642 792 1702 moribus
803 1647 866 1706 unis

79 1735 135 1788 895
146 1726 332 1800 conveniunt,
345 1741 439 1801 neque
454 1733 518 1783 sunt
530 1723 628 1782 eadem
640 1725 759 1784 ineunda
770 1745 824 1804 per
834 1739 918 1790 artus.

147 1808 253 1887 qnippe
265 1807 362 1868 villere
374 1807 443 1867 licet
455 1809 644 1885 pinguescere
660 1824 747 1885 saepe
761 1810 852 1869 cicuta

147 1892 311 1968 barbigeras
326 1890 471 1970 pecudes,
484 1888 588 1949 bomini
601 1907 673 1966 qnae
689 1899 733 1949 est
744 1909 810 1950 acre
822 1910 971 1956 venenum.

148 1977 278 2053 denique
289 1974 397 2035 llamma
408 1974 521 2052 quidem
533 1991 596 2032 cum
609 1991 729 2052 corpora
741 1974 817 2034 lnlva
827 1976 942 2038 leonum

145 2069 202 2120 tam
213 2058 304 2120 soleat
318 2068 428 2119 torrere
442 2068 527 2136 atque
542 2076 626 2118 urere
637 2077 717 2137 quam
729 2078 820 2137 genus
834 2070 916 2123 ornne

81 2153 135 2208 900
144 2144 265 2205 visceris
276 2144 304 2201 in
319 2144 402 2204 terris
415 2143 612 2222 quodcumque
625 2152 654 2202 et
670 2146 811 2222 sanguinis
824 2156 919 2227 extet,

147 2229 195 2305 qui
207 2228 267 2287 lieri
279 2228 387 2305 potuit,
399 2226 503 2306 triplici
519 2245 582 2287 cnm
595 2244 715 2305 corpure
727 2239 757 2288 ut
769 2248 839 2308 una,

145 2313 233 2392 prima
247 2310 312 2388 leo,
325 2319 469 2390 postrema
481 2310 584 2388 macc,
596 2310 688 2369 media
697 2313 776 2389 ipsa,
790 2310 936 2375 Chimaera

147 2414 197 2456 ore
209 2394 284 2455 loras
296 2412 391 2455 acrem
403 2394 483 2456 ilaret
494 2394 530 2454 de
543 2411 665 2472 corpore
679 2393 836 2454 flammam?

146 2496 232 2557 quare
246 2481 328 2538 etiam
338 2477 442 2539 tellure
453 2495 526 2538 nova
539 2478 677 2556 caeloque
689 2478 798 2538 recenti

82 2572 133 2626 905
146 2562 211 2623 talia
223 2564 270 2639 qui
286 2563 364 2640 lingit
379 2565 508 2641 potuisse
519 2560 645 2622 animalia
660 2563 754 2640 gigni,

145 2648 227 2706 nixus
239 2649 266 2704 in
277 2645 333 2706 hoc
344 2664 398 2706 uno
410 2647 541 2706 novitatis
553 2648 664 2705 nomine
677 2648 766 2725 inani,

145 2729 231 2790 multa
242 2729 310 2789 licet
322 2729 403 2789 simili
414 2733 521 2790 ratione
535 2729 642 2790 effutiat
657 2748 724 2807 ure,

144 2831 228 2874 aurea
239 2824 296 2873 tum
308 2814 382 2874 dicat
393 2833 446 2892 per
456 2824 545 2874 terras
558 2813 669 2874 flumina
678 2813 765 2891 vulgo

145 2897 279 2974 fluxisse,
293 2907 321 2957 et
334 2900 452 2975 gemmis
465 2897 569 2957 llorere
581 2897 695 2957 arbusta
706 2905 826 2976 suessa,

79 2992 132 3045 910
143 2991 189 3042 unt
200 2981 340 3042 hominem
350 2991 427 3041 tanto
439 2982 626 3041 membrorum
638 2998 705 3040 esse
715 2982 822 3059 impete
833 2992 942 3058 natum,

143 3075 219 3126 trans
230 3066 316 3125 maria
326 3064 382 3125 alta
395 3065 499 3144 pedum
508 3067 587 3124 nisus
599 3074 628 3123 ut
640 3081 749 3143 ponere
762 3075 862 3142 posset

144 3158 173 3209 et
184 3150 310 3209 manibus
321 3158 410 3209 toturn
423 3150 528 3209 circum
542 3167 575 3208 se
587 3157 702 3207 vertere
715 3146 832 3207 caelum.

142 3250 205 3292 nam
218 3232 294 3309 qnod
303 3229 389 3292 multu
403 3233 484 3292 fuere
499 3234 527 3291 in
542 3232 625 3292 terris
637 3231 743 3290 semina
755 3249 848 3290 rerum

142 3326 340 3394 temporeque
352 3317 470 3393 primum
481 3315 566 3376 tellus
576 3311 702 3375 animalia
713 3313 799 3393 indit,

79 3408 130 3461 915
142 3399 180 3458 nil
192 3409 285 3460 tamen
296 3409 342 3459 est
356 3401 428 3477 signi
439 3402 539 3460 mixtas
551 3401 680 3479 potuisse
692 3401 782 3459 creari

141 3485 215 3543 inter
225 3502 257 3543 se
270 3482 398 3562 pecudes
412 3492 616 3563 compactaque
627 3483 752 3543 membra
765 3483 948 3562 animantum,
