2288 3886
114 160 254 223 26⁴
461 152 463 157 ’
610 157 623 217 l

200 346 263 388 cum
276 328 342 387 dare
357 336 509 403 conantur,
522 328 600 404 prius
612 343 692 403 oras,
709 325 814 406 pocula
826 326 949 404 circum,

201 414 366 488 contingunt
377 408 471 470 mellis
483 409 558 469 dulci
571 409 702 489 ilavoque
714 409 843 488 liquore,

200 506 230 555 ut
242 511 394 573 puerorum
406 504 483 554 aetas
495 493 642 572 inprovida
653 493 814 554 ludificetur

136 590 189 643 940
199 578 340 639 labrorum
352 587 434 637 tenus
444 623 453 655 ,
464 580 572 637 interea
584 587 718 656 perpotet
729 596 849 637 amarum

200 662 320 723 absinthi
333 660 461 736 laticem,
476 661 654 740 deceptaque
666 680 722 721 non
736 664 878 740 capiatur,

201 747 254 808 sed
266 748 361 824 potius
374 744 421 804 tali
433 753 518 823 pacto
530 756 659 805 recreata
669 745 813 822 valescat,

201 834 244 892 sic
256 847 313 908 ego
325 848 417 905 nunc,
434 832 564 907 quoniam
576 828 648 889 haec
661 832 732 889 ratio
744 829 912 909 plerumque
924 830 1039 892 videtur

201 916 308 975 tristior
320 932 387 973 esse
400 915 501 991 quihus
512 930 568 972 uon
580 923 625 973 est
637 922 771 991 tractata,
783 923 918 992 retroque

137 1011 188 1065 945
201 997 304 1076 volgus
317 997 450 1057 abhorret
463 998 497 1057 ab
508 996 562 1056 hae
572 1043 580 1075 ,
592 995 669 1056 volui
681 999 731 1058 tibi
745 997 953 1076 suaviloquenti

202 1085 323 1144 carmine
336 1080 428 1141 Pierio
440 1083 576 1141 rationem
588 1099 733 1160 exponere
745 1091 868 1142 nostram

201 1177 230 1228 et
243 1167 323 1245 quasi
333 1183 448 1225 musaeo
460 1165 536 1225 dulci
549 1168 715 1244 contingere
726 1165 827 1234 melle;

199 1255 223 1312 si
235 1251 288 1311 tibi
300 1249 373 1310 forte
385 1252 504 1308 animum
517 1247 564 1308 tali
575 1252 682 1309 ratione
694 1258 793 1310 tenere

200 1334 331 1395 versibus
342 1336 370 1392 in
381 1335 484 1393 nostris
497 1351 629 1411 possem,
643 1334 708 1393 dum
720 1334 861 1413 perspicis
874 1351 984 1393 omnem

136 1429 189 1484 950
201 1428 326 1478 naturam
338 1435 448 1493 rerum,
462 1434 515 1495 qua
528 1426 641 1477 constet
653 1427 765 1496 compta
777 1419 874 1494 figura.

244 1501 302 1561 Sed
314 1503 443 1578 quoniam
454 1501 537 1562 docui
551 1500 719 1561 solidissima
730 1503 855 1561 materiai

203 1602 324 1664 corpora
335 1594 476 1663 perpetuo
488 1583 606 1644 volitare
621 1587 725 1645 invicta
735 1604 788 1665 per
800 1602 918 1662 aevom,

201 1687 275 1729 nnnc
288 1687 358 1745 age,
372 1671 486 1728 summai
499 1669 635 1747 quaedam
646 1672 682 1729 sit
695 1670 756 1729 finis
771 1687 886 1746 eorum,

201 1773 294 1815 necne
306 1755 358 1828 sit,
372 1751 549 1812 evolvamus:
562 1755 629 1813 item
641 1753 716 1832 quod
727 1756 809 1813 inane
820 1761 992 1831 repertumst

137 1848 189 1909 955
202 1857 254 1900 seu
266 1837 348 1897 locus
361 1855 393 1895 ac
406 1839 541 1915 spatium,
559 1855 606 1897 res
618 1840 712 1917 inquo
725 1856 855 1916 quaeque
866 1847 1016 1914 gerantur,

202 1921 399 2003 pervideamus
412 1931 503 1981 utrum
516 1923 621 1981 finitum
633 1921 756 1982 funditus
771 1938 853 1982 omne
962 1972 965 1978 .

204 2014 333 2082 constet,
346 2023 380 2063 an
391 2008 554 2065 immensum
566 2015 659 2083 pateat
669 2014 808 2084 vasteque
820 2004 996 2083 profundum.

166 2112 168 2116 ⁴
245 2089 334 2148 Omne
347 2088 423 2166 quod
436 2098 480 2148 est
492 2091 576 2165 igitur
586 2088 662 2148 nulla
672 2091 790 2166 regione
801 2092 906 2148 viamm

203 2174 354 2233 finitumst:
367 2190 487 2250 namque
499 2182 653 2232 extremum
666 2173 788 2234 debebat
799 2173 923 2233 habere:

139 2267 192 2322 960
203 2266 359 2318 extremum
371 2274 457 2334 porro
470 2256 573 2317 nuliius
586 2274 674 2336 posse
686 2257 798 2317 videtur

203 2361 287 2419 esse,
300 2342 353 2400 nisi
367 2340 438 2400 ultra
451 2343 488 2401 sit
502 2342 577 2419 quod
589 2343 679 2410 finiat;
691 2351 721 2402 ut
732 2341 860 2401 videatur

203 2443 260 2505 quo
272 2443 328 2484 non
340 2424 452 2504 longius
469 2425 541 2485 haee
553 2444 654 2486 sensus
666 2436 763 2485 natura
774 2433 917 2503 sequatur.

202 2529 277 2570 nunc
289 2519 367 2569 extra
379 2528 511 2570 summam
523 2512 652 2588 quoniam
664 2510 702 2569 nii
714 2529 781 2570 esse
793 2508 950 2584 fatendum,

126 2629 130 2640 ι
203 2593 356 2655 nonhabet
369 2603 539 2669 extremum,
553 2603 630 2652 earet
642 2611 713 2671 ergo
725 2594 780 2653 fine
791 2593 941 2670 modoque.

140 2688 191 2742 965
203 2696 258 2738 nec
269 2677 358 2736 refert
370 2677 471 2755 quihus
484 2675 603 2737 adsistas
614 2679 778 2755 regionibus
792 2679 868 2737 eius:

203 2759 394 2840 usqueadeo,
408 2778 492 2838 quem
503 2763 624 2839 quisque
636 2760 730 2821 locum
741 2761 886 2840 possedit,
905 2762 932 2819 iu
944 2761 1033 2821 omnis

202 2844 364 2905 tantundem
375 2846 462 2923 partis
475 2845 608 2904 infinitum
618 2863 699 2906 omne
711 2845 852 2924 relinquit,

204 2937 354 3008 praeterea
366 2931 390 2988 si
403 2931 455 2987 iam
466 2929 571 2988 iinitnm
584 2934 768 2990 constituatur

204 3029 286 3072 omne
299 3012 375 3091 quod
388 3021 432 3072 est
444 3015 578 3091 spatium,
592 3015 680 3092 siquis
692 3020 839 3092 procurrat
850 3010 885 3070 ad
897 3027 961 3071 oras

139 3105 191 3160 sto
203 3097 315 3157 ultimus
327 3106 467 3158 extremas
478 3099 617 3175 iaciatque
629 3097 745 3157 volatile
757 3095 863 3171 telum,

202 3182 230 3241 id
241 3180 340 3241 validis
353 3190 443 3242 utrum
455 3191 612 3241 contortum
623 3183 728 3250 viribus
740 3183 781 3240 ire

203 3283 259 3345 quo
273 3266 357 3325 fuerit
368 3267 482 3325 missum
493 3267 580 3325 mavis
592 3265 737 3343 longeque
748 3263 862 3341 volare,

203 3368 238 3408 an
251 3349 404 3428 prohibere
415 3348 519 3428 aliquid
536 3368 638 3411 censes
651 3350 824 3427 obstareque
836 3344 946 3427 posse?

203 3433 366 3493 alterutrum
377 3433 490 3493 fatearis
503 3435 576 3492 enim
588 3451 738 3510 sumasque
748 3440 910 3492 necessest.
