2288 3886
116 183 163 249 ab
602 181 630 242 ll

204 354 234 416 111
244 353 353 430 magnis
364 349 535 412 intervallis:
546 349 618 411 baec
630 358 697 412 ae’ra
708 370 800 412 rarum

169 435 173 439 ’
205 438 349 500 sufiiciunt
360 436 442 497 nobis
454 444 483 495 et
495 433 643 515 splendida
654 435 757 496 lumina
768 435 848 497 solis,

203 521 347 600 multaque
359 530 509 599 praeterea
517 536 648 598 magnum
658 538 712 600 per
723 521 805 581 inane
818 530 975 598 vagantur,

140 615 195 673 110
205 603 334 669 conciliis
345 621 438 664 rerum
451 621 523 683 quae
534 613 599 665 sunt
610 604 718 664 reiecta
729 622 785 665 nec
800 622 918 684 usquam

206 689 373 752 consociare
386 688 469 748 etiam
480 696 573 748 motus
585 697 706 766 potuere
717 699 844 769 recepta.

207 775 303 852 cuius,
316 772 356 835 uti
369 788 514 850 memoro,
526 772 569 832 rei
579 770 759 834 simulacrum
771 783 800 834 et
812 774 905 850 imago

205 867 270 920 aute
282 855 383 918 oculos
395 874 511 936 semper
521 855 604 917 nobis
615 866 745 918 versatur
756 866 785 917 et
797 858 891 918 instat.

206 940 413 1021 contemplator
425 942 516 1018 enim,
530 957 593 1000 cum
604 939 675 1001 solis
686 938 790 1002 lumina
803 958 924 1020 cumque

140 1035 192 1091 115
206 1027 306 1087 inserti
317 1023 434 1085 fundunt
446 1023 514 1084 radii
526 1042 579 1104 per
591 1041 681 1104 opaca
692 1023 852 1085 domomm:

204 1108 291 1170 multa
301 1111 405 1169 minuta
415 1107 506 1170 modis
516 1106 611 1169 multis
623 1126 677 1188 per
691 1110 773 1169 inane
784 1109 896 1168 videbis

206 1211 328 1274 corpora
338 1194 470 1270 misceri,
482 1191 623 1253 radiorum
633 1191 738 1254 lumine
752 1193 875 1272 inipso,

205 1288 235 1341 et
245 1277 325 1340 uelut
334 1287 452 1338 aeterno
466 1277 619 1338 certamino
633 1274 743 1356 proelia
753 1295 864 1356 pugnas

204 1362 292 1425 edere
304 1362 443 1421 turmatim
455 1361 590 1420 certantia
598 1379 657 1440 pec
668 1359 736 1420 dara
747 1379 881 1441 pausam,

140 1455 193 1511 iao
205 1444 334 1510 conciliis
346 1454 375 1506 et
387 1443 513 1505 discidiis
525 1446 652 1505 exercita
664 1445 788 1514 crebris;

206 1531 341 1593 conicere
352 1537 382 1588 ut
394 1529 490 1608 possis
502 1547 539 1588 cr
551 1527 625 1605 hoc,
638 1529 789 1608 primordia
800 1548 894 1589 rerum

206 1613 289 1695 quale
301 1614 338 1674 sit
349 1614 377 1672 in
388 1628 490 1690 magno
502 1613 598 1673 iactari
610 1631 725 1693 semper
736 1615 818 1673 inani.

205 1698 363 1775 dumtaxat,
375 1714 468 1758 rerum
479 1714 640 1775 magnarum
651 1715 736 1776 parva
747 1706 843 1777 potest
853 1716 901 1759 res

205 1780 368 1862 exemplare
383 1779 449 1842 dare
462 1790 491 1842 et
502 1781 623 1859 vestigia
633 1783 749 1842 notitiai.

142 1876 192 1932 125
204 1867 262 1928 hoc
274 1868 358 1927 etiam
368 1867 458 1945 magis
470 1865 542 1926 baec
552 1865 672 1926 animum
682 1874 712 1927 tc
725 1864 874 1927 advertere
887 1883 937 1944 par
949 1874 996 1927 est

206 1969 328 2031 corpora
339 1967 412 2030 quae
426 1951 455 2009 in
465 1948 536 2010 solis
548 1948 631 2010 radiis
644 1950 757 2011 turbare
768 1950 916 2027 videntur,

206 2035 282 2116 quod
292 2033 365 2095 tales
376 2034 475 2094 turbae
487 2041 580 2094 motus
593 2050 707 2113 quoque
719 2035 844 2095 materiai

205 2120 364 2197 significant
377 2115 567 2178 clandestinos
583 2133 745 2197 caecosque
757 2118 889 2180 subesse.

205 2201 292 2263 multa
302 2201 414 2263 videbis
426 2201 500 2261 enim
512 2199 604 2280 plagis
616 2200 655 2260 ibi
666 2203 776 2280 percita
789 2204 884 2263 caecis

142 2295 193 2352 130
205 2295 377 2347 commutare
388 2286 461 2345 riam
472 2295 608 2364 retroque
619 2284 735 2364 repulsa
746 2287 869 2363 reverti,

205 2389 279 2431 nunc
290 2370 346 2431 huc
358 2388 432 2430 nunc
445 2368 531 2447 illuc,
543 2370 570 2429 in
583 2379 699 2430 cunctas
712 2368 835 2450 undique
847 2371 944 2448 partis.

204 2455 317 2518 scilicet
328 2501 337 2533 ,
350 2455 396 2514 bic
408 2471 424 2514 a
436 2455 581 2533 principiis
594 2463 639 2515 est
651 2454 780 2514 omnibus
792 2470 881 2513 error.

205 2541 293 2621 prima
304 2547 453 2599 moventur
463 2540 537 2598 enim
548 2556 601 2616 per
612 2556 644 2598 se
656 2537 807 2616 primordia
818 2555 928 2598 rerum:

204 2624 269 2683 inde
282 2641 315 2682 ca
328 2639 400 2700 quac
412 2638 501 2699 parvo
512 2630 577 2680 sunt
590 2639 711 2700 corpora
723 2620 875 2683 conciliatu

113 2717 124 2763 '.
141 2715 192 2772 135
208 2716 237 2768 ct
249 2707 328 2785 quasi
340 2706 467 2784 proxima
479 2713 543 2764 sunt
555 2703 590 2764 ad
601 2706 668 2765 viris
679 2707 899 2785 principiorum,

204 2791 309 2851 ictibus
321 2787 432 2848 illorum
446 2791 540 2849 caecis
552 2787 664 2868 inpulsa
679 2791 803 2868 cientur,

203 2876 323 2953 ipsaque
336 2890 475 2952 proporro
488 2871 573 2952 paulo
583 2873 687 2934 maiora
698 2873 854 2935 lacessunt.

183 2976 186 2981 ’
204 2959 247 3019 sic
257 2975 273 3018 a
285 2957 430 3036 principiis
442 2957 570 3018 ascendit
581 2967 674 3018 motus
683 2967 712 3019 et
724 2959 785 3018 erit

203 3040 335 3122 paulatim
346 3051 459 3103 nostros
471 3041 505 3101 ad
517 3060 635 3120 sensus,
648 3050 678 3103 ut
689 3051 855 3103 moveantur

139 3133 192 3191 140
202 3125 250 3187 illa
262 3143 394 3205 quoque,
406 3127 433 3185 in
446 3126 516 3186 solis
530 3144 602 3205 quae
613 3125 719 3187 lumine
731 3145 850 3187 cernere
864 3127 975 3206 quimus

204 3229 260 3272 noc
272 3210 374 3290 quibus
386 3210 415 3270 id
426 3209 529 3271 faciant
540 3209 634 3291 plagis
646 3220 764 3290 apparet
776 3219 885 3290 aperte.

244 3291 327 3354 Nunc
339 3312 411 3375 quac
421 3293 562 3355 mobilitas
574 3296 610 3355 sit
622 3292 731 3355 reddita
742 3295 867 3355 materiai

205 3379 390 3457 corporibus,
403 3379 502 3457 paucis
513 3377 582 3440 licet
593 3378 660 3439 binc
672 3395 853 3457 cognoscere
863 3424 872 3456 ,
882 3377 1005 3441 memma

202 3463 323 3544 primum
333 3480 434 3525 aurora
443 3479 518 3523 noro
532 3481 595 3523 oum
604 3463 713 3542 spargit
724 3461 828 3523 lumine
840 3470 951 3540 terras,
