2288 3886
116 176 178 238 196
588 171 628 232 Vl

118 353 185 407 1190
198 363 254 404 nnn
266 343 424 402 dubitabat:
437 344 504 401 item
515 341 550 401 ad
561 359 722 419 supremum
734 340 857 420 denique
869 352 983 422 tempus

200 443 373 505 conpressae
384 442 485 500 nares,
497 427 556 484 nasi
568 426 698 503 primoris
709 442 828 484 acumen

199 522 300 586 tenve,
315 509 403 568 cavati
419 508 512 585 oculi,
526 526 592 567 cava
606 517 751 586 tempora,
763 507 865 585 frigida
875 509 962 587 pellis

199 594 340 670 duraque,
353 590 553 652 inhorrescens
565 593 684 667 rictum,
697 590 776 651 frons
788 601 866 652 tenta
879 595 1014 654 tumebat.

198 695 254 736 nec
265 677 349 733 nimio
359 675 440 751 rigidi
455 684 519 752 post
531 683 607 734 artus
622 683 712 735 morte
725 675 863 734 iacebant.

17 814 22 823 .
117 768 183 821 1195
199 767 358 836 octavoque
371 757 432 817 lere
444 758 573 818 candenti
585 757 688 816 lumine
702 756 773 817 solis

198 852 244 902 aut
256 843 338 901 etiam
348 858 420 900 nona
432 840 588 900 reddebant
601 840 730 918 lampade
743 842 836 901 vitam.

200 942 317 1003 quorum
329 925 418 1002 siquis
428 925 475 982 vix
486 927 584 984 vitarat
595 924 693 984 lunera
704 923 771 1000 leti,

198 1007 342 1068 ulceribus
353 1009 450 1067 taetris
465 1017 494 1067 et
505 1010 584 1084 nigra
595 1005 725 1086 proluvie
736 1006 792 1065 alvi

198 1093 341 1169 posterius
354 1100 445 1150 tannen
458 1091 533 1150 hunc
546 1090 627 1150 tabes
640 1090 785 1169 letumque
795 1091 942 1169 manebat,

117 1184 184 1235 1200
198 1176 340 1235 autetiam
350 1173 452 1233 multus
465 1176 565 1252 capitis
579 1192 642 1232 cum
654 1191 742 1251 saepe
754 1171 854 1232 dolore

200 1266 350 1335 corruptus
363 1259 477 1334 sanguis
489 1257 612 1335 expletis
624 1257 738 1317 naribus
751 1256 823 1316 ibat:

199 1340 255 1400 huc
267 1340 386 1400 hominis
397 1349 474 1401 totae
486 1344 562 1401 vires
575 1358 738 1418 corpusque
753 1338 866 1399 fluebat.

198 1423 366 1500 profluvium
378 1441 463 1501 porro
476 1426 522 1502 qui
535 1426 616 1483 taetri
628 1424 771 1502 sanguinis
786 1441 852 1482 acre

200 1508 326 1583 exierat,
339 1510 471 1567 tamenin
484 1525 589 1567 nervos
601 1507 666 1566 huic
678 1507 793 1566 morbus
805 1516 835 1565 et
846 1513 923 1567 artus

117 1598 182 1651 tuuc
198 1589 254 1649 ibat
265 1600 294 1649 et
306 1592 333 1647 in
344 1592 431 1667 partis
443 1589 574 1666 genitalis
588 1592 716 1668 corporis
729 1592 814 1668 ipsas.

199 1682 228 1731 et
242 1674 366 1750 graviter
377 1676 476 1750 partim
487 1682 647 1733 metuentes
659 1671 752 1732 limina
764 1671 814 1733 leti

199 1756 332 1816 vivebant
344 1756 420 1815 ferro
433 1758 532 1835 privati
544 1766 624 1835 parte
636 1755 727 1834 virili,

199 1849 228 1898 ct
239 1840 365 1901 manibus
376 1841 438 1901 sine
449 1840 573 1900 nonnulli
585 1840 764 1919 pedibusque
776 1840 925 1900 manebant

200 1925 226 1981 in
237 1924 294 1983 vita
306 1933 414 2000 tumen,
431 1933 460 1983 et
475 1923 631 2003 perdebant
644 1923 747 1983 lumina
757 1925 871 2001 partim:

117 2015 184 2066 1210
200 2024 291 2083 nsque
307 2006 379 2066 adeo
390 2010 487 2067 mortis
499 2016 590 2067 metus
604 2007 647 2066 his
658 2009 816 2069 incesserat
830 2024 907 2066 acer.

199 2098 283 2165 atque
297 2092 380 2147 etiam
392 2089 527 2166 quosdam
540 2107 646 2167 cepere
658 2090 761 2149 oblivia
772 2108 865 2148 rerum

200 2181 379 2247 cunctarum,
395 2191 489 2250 neque
501 2191 533 2232 se
545 2182 665 2250 possent
678 2189 855 2250 cognoscere
867 2182 897 2232 ut
907 2174 972 2252 ipsi.

198 2253 340 2332 multaque
351 2254 426 2313 humi
439 2273 502 2314 cnm
513 2256 651 2316 inhumata
661 2259 787 2316 iacerent
799 2273 920 2334 corpora
931 2275 1017 2335 supra

200 2341 385 2417 corporibus,
397 2349 489 2400 tamen
502 2339 617 2399 alituum
628 2359 719 2417 genus
733 2348 818 2418 atque
829 2338 951 2399 ieramm

117 2429 183 2480 1215
198 2431 244 2480 aut
255 2422 356 2500 procul
369 2422 535 2500 apsiliebat‚
548 2433 577 2483 ut
589 2441 683 2483 acrem
694 2425 786 2482 exiret
799 2422 934 2499 odorem,

199 2514 262 2582 aut,
274 2505 321 2564 ubi
333 2516 475 2583 gustarat,
487 2506 639 2584 languebat
652 2516 743 2566 morte
752 2505 920 2584 propinqua.

198 2607 253 2648 nec
264 2597 357 2649 tamen
370 2591 481 2649 omnino
494 2600 600 2650 temere
612 2589 668 2649 illis
681 2589 789 2649 solibus
802 2587 860 2648 ulla

200 2673 381 2749 comparebat
395 2675 473 2749 avis,
486 2692 541 2733 nec
551 2675 640 2732 tristia
655 2672 752 2732 saecla
762 2672 883 2731 letarum

199 2752 313 2814 exibant
325 2755 421 2814 silvis:
437 2755 607 2832 languebant
618 2755 755 2835 pleraque
767 2756 866 2815 morbo

117 2845 184 2898 1220
199 2846 227 2896 et
239 2839 437 2898 moriebantur.
452 2841 620 2917 cumprimis
633 2840 685 2899 lida
698 2858 796 2899 canum
807 2841 851 2899 vis

199 2930 284 2981 strata
295 2922 349 2982 viis
360 2924 476 2982 animam
487 2923 612 3001 ponebat
626 2924 654 2981 in
667 2923 795 2983 omuibus
807 2941 910 3000 aegre:

199 3007 387 3084 extorquebat
399 3008 473 3065 enim
484 3009 568 3067 vitam
578 3008 622 3066 vis
634 3006 760 3066 morbida
772 3007 915 3066 membris.

199 3108 254 3149 uec
266 3091 336 3149 ratio
347 3091 455 3150 remedi
466 3093 620 3150 communis
636 3099 714 3151 certa
728 3088 860 3149 dabatur:

198 3190 261 3231 nam
273 3173 348 3250 qnod
359 3173 395 3233 ali
410 3173 525 3235 dederat
537 3175 629 3234 vitalis
640 3175 713 3233 atris
724 3191 805 3233 auras

119 3264 183 3314 1225
198 3253 317 3316 volvere
328 3265 355 3316 in
370 3276 420 3317 ore
434 3257 523 3318 licere
536 3268 564 3317 et
578 3258 649 3318 caeli
659 3257 764 3335 templa
775 3259 865 3334 tueri,

199 3340 255 3399 hoc
268 3340 329 3401 aliis
342 3352 402 3403 erat
413 3343 499 3402 exitio
511 3341 655 3421 letumque
667 3341 790 3420 parabat.

240 3421 312 3481 lllud
324 3426 351 3482 in
362 3425 405 3484 his
417 3425 503 3484 rebus
517 3425 703 3486 miserandum
717 3441 890 3503 magnopere
902 3441 986 3483 unum
