2288 3886
116 198 160 266 46
608 197 637 258 11

203 367 324 430 subdola
336 385 400 428 cum
411 366 484 428 ridet
495 364 599 445 placidi
614 365 735 444 pellacia
747 367 844 445 ponti,

139 462 191 518 565
204 454 247 514 515
260 452 311 513 tibi
322 453 347 512 si
358 450 434 511 linita
444 447 537 512 semel
548 450 700 528 primordia
711 450 848 529 quaedam

205 537 381 612 constitues,
393 551 496 594 aevom
507 533 654 594 debebunt
665 552 764 613 sparsa
775 553 829 613 per
842 551 953 595 omnem

203 621 357 683 disiectare
370 628 466 679 aestus
479 618 586 678 diversi
596 620 738 696 materiai,

194 721 352 787 ‘numquam
362 704 392 762 iu
403 701 555 763 concilium
565 711 596 761 ut
607 703 718 780 possint
732 700 879 782 compulsa
890 701 969 765 coire

202 807 258 850 noc
269 788 404 848 remorari
415 787 444 846 in
456 785 578 848 concilio
590 804 645 846 nec
661 805 796 847 crescere
809 784 940 858 adaucta;

139 884 190 939 565
205 890 324 953 quorum
335 880 484 949 utrumque
496 870 588 950 palam
601 870 662 930 fieri
672 870 821 933 manifesta
831 869 918 931 docet
927 891 994 953 res,

204 966 233 1019 et
243 976 291 1018 res
306 956 438 1034 progigni
450 965 479 1016 et
493 955 604 1033 genitas
617 972 807 1034 procrescere
820 972 918 1034 posse.

203 1061 272 1103 esse
283 1042 368 1119 igitur
380 1057 489 1118 genere
501 1041 529 1098 in
541 1041 642 1118 quovis
654 1040 806 1118 primordia
816 1058 911 1099 rerum

202 1126 308 1187 infinita
319 1124 410 1204 palam
422 1133 485 1201 est,
499 1124 573 1184 unde
586 1126 677 1185 onmia
693 1123 916 1203 suppeditantur.

244 1208 307 1271 Nec
318 1226 455 1288 superare
469 1217 575 1287 queunt
586 1218 679 1270 motus
690 1209 786 1287 itaque
798 1208 929 1270 exitiales

140 1302 192 1358 stu
203 1303 345 1374 perpetuo
357 1311 452 1372 neque
463 1294 492 1352 in
502 1301 649 1352 aeteruum
660 1292 787 1372 sepelire
799 1292 936 1372 salutem,

203 1398 259 1440 nec
274 1395 361 1458 porro
373 1394 468 1436 rerum
480 1376 622 1453 genitales
637 1376 819 1456 auctificique

203 1473 297 1524 motus
308 1469 450 1541 perpetuo
462 1470 583 1540 possunt
594 1479 712 1522 servare
724 1469 829 1522 creata.

204 1550 247 1609 siu
259 1563 352 1625 aequo
364 1547 472 1623 geritur
489 1546 642 1605 certamine
653 1546 856 1624 principiorum

207 1651 244 1693 ex
255 1631 362 1691 infinito
374 1637 548 1690 contractum
559 1637 689 1708 temporo
702 1629 818 1690 beilum.

143 1725 194 1780 575
209 1734 283 1777 nunc
294 1714 342 1774 hic
357 1731 432 1774 nuno
445 1712 505 1773 illic
517 1723 651 1792 superant
664 1713 759 1774 vitalia
770 1731 880 1791 rerum,

205 1810 235 1862 et
246 1806 415 1879 superantur
427 1799 503 1858 item.
516 1800 652 1860 miscetur
663 1798 763 1859 iuuere
777 1815 884 1876 vagor,

205 1903 290 1966 quem
301 1885 383 1964 pueri
394 1880 496 1944 tollunt
509 1884 628 1944 visentis
641 1883 752 1943 luminis
767 1900 847 1943 oras:

204 1988 259 2030 nec
271 1987 329 2030 nox
343 1967 400 2026 ulla
413 1967 487 2027 diem
498 1984 593 2046 neque
605 1975 720 2028 noctem
730 1983 830 2026 aurora
842 1975 985 2046 secutast,

205 2072 278 2134 quae
291 2071 347 2111 non
359 2051 478 2111 audierit
489 2051 593 2111 mixtos
606 2050 747 2128 vagitibus
760 2052 855 2128 aegris

141 2147 194 2201 580
209 2137 354 2218 ploratus,
367 2135 465 2194 mortis
478 2136 598 2194 comites
610 2142 640 2194 et
650 2134 758 2196 funeris
770 2137 831 2195 atri.

247 2219 321 2280 lllud
332 2220 360 2278 in
371 2217 415 2278 his
429 2217 607 2296 obsignatum
619 2237 733 2299 quoque
744 2220 831 2280 rebus
844 2218 951 2279 habere

206 2305 339 2366 convenit
351 2312 380 2365 et
395 2304 511 2363 memori
523 2301 680 2364 mandatum
694 2313 789 2364 mente
801 2312 917 2380 tenero,

205 2390 245 2450 nil
258 2407 345 2467 esse,
357 2390 386 2448 in
400 2396 532 2467 promptu
551 2405 670 2466 quorum
681 2398 778 2448 natura
789 2387 917 2463 videtur,

206 2473 282 2555 quod
294 2491 403 2553 genere
418 2491 456 2532 ex
469 2490 525 2532 uno
539 2474 676 2534 consistat
687 2474 906 2552 principiorum,

142 2569 193 2622 585
207 2577 263 2620 uec
277 2559 428 2638 quicquam
444 2556 520 2634 quod
530 2574 586 2614 non
597 2559 738 2634 permixto
752 2559 861 2617 semine
876 2562 1003 2616 constet:

42 2640 60 2649 ”’
207 2653 236 2704 et
247 2641 447 2723 quodcumque
461 2641 551 2716 magis
563 2641 606 2699 uis
617 2640 719 2701 multas
734 2640 865 2721 possidet
875 2641 903 2699 in
914 2657 948 2699 se

207 2736 292 2806 atque
304 2733 482 2804 potestates,
497 2725 536 2783 ita
547 2723 666 2801 plurima
678 2726 881 2803 principiorum

207 2813 235 2870 in
246 2828 314 2870 sese
326 2826 433 2886 genera
443 2825 478 2867 ac
491 2809 581 2868 varias
597 2808 683 2868 docet
694 2827 762 2871 esse
777 2809 890 2888 figuras.

207 2893 348 2975 principio
362 2891 449 2953 tellus
461 2890 548 2951 hahet
559 2893 587 2950 in
598 2911 631 2952 55
645 2911 767 2972 corpora
778 2894 883 2972 prima,

145 2989 197 3045 590
209 2978 283 3040 unde
294 2994 371 3038 mare
385 2979 541 3036 inmensum
553 2976 704 3038 volventes
718 2978 824 3056 frigora
836 2977 932 3037 iontes

110 3113 112 3118 .
208 3062 325 3124 adsidue
338 3069 495 3137 renovent,
508 3059 594 3121 habet
606 3062 688 3139 ignes
704 3062 778 3122 undo
790 3063 927 3122 oriantur:

208 3165 272 3208 nam
284 3144 379 3206 multis
392 3163 534 3206 succensa
545 3144 620 3206 locis
631 3145 729 3206 ardent
740 3145 803 3207 sola
811 3155 925 3221 terrae,

210 3232 320 3292 eximiis
334 3247 404 3290 uero
416 3229 483 3290 furit
497 3229 609 3309 ignibus
621 3231 744 3308 impetus
758 3231 885 3290 Aetnae:

103 3318 120 3346 ¹
210 3326 267 3377 tum
280 3331 366 3394 porro
377 3314 477 3374 nitidas
489 3312 587 3392 iruges
601 3314 772 3392 arbustaque
787 3313 861 3374 laeta

149 3410 199 3464 595
211 3399 346 3478 gentibus
357 3398 484 3459 humanis
495 3397 581 3458 habet
595 3397 670 3460 uude
684 3397 826 3458 extollere
840 3398 950 3477 possit,

180 3560 182 3564 p
213 3483 288 3544 unde
301 3484 385 3545 etiam
397 3482 498 3544 tluvios
513 3481 630 3546 frondes
642 3490 672 3542 et
682 3481 785 3562 pabula
794 3481 868 3542 laeta
