2288 3886
118 157 178 221 110
593 122 639 216 ¹rv

205 326 349 387 discutere
366 333 395 384 et
407 343 512 404 corpus
527 323 562 385 de
574 334 649 385 terra
661 326 808 404 corripere
821 327 923 385 instant

201 409 322 490 proinde
334 410 415 488 quasi
426 411 537 487 ignotas
548 408 638 469 iacies
649 419 735 488 atque
748 426 797 468 ora
810 417 929 468 tuantur.

203 503 233 554 et
245 511 301 572 quo
314 511 445 572 quaeque
458 495 547 570 magis
560 503 624 553 sunt
635 511 737 572 aspera
748 495 961 578 seminiorum„

202 589 258 638 tam
270 579 360 654 magis
374 579 402 637 10
414 580 520 638 0010110
533 576 632 638 eadem
643 579 755 638 saevire
765 586 932 638 necessust:

120 675 191 726 1000
206 672 234 722 at
245 663 338 720 variae
350 661 461 738 fugiunt
471 661 605 722 volucres
617 663 767 740 pinnisque
779 656 900 740 repente

204 744 358 806 sollicitant
369 745 462 805 divom
474 755 613 806 nocturno
625 755 755 824 tempore
768 745 867 823 lucos,

204 830 358 908 accipitres
370 847 470 889 somno
485 832 513 889 in
524 829 580 889 leni
592 832 616 890 si
629 829 737 909 proclia
749 848 859 908 pugnas

204 912 292 974 edere
304 923 369 975 sunt
380 923 578 992 persectantes
592 917 729 992 visaeque
740 914 878 975 volantes.

204 1015 290 1077 porro
302 997 443 1057 hominum
455 1008 565 1058 mentes
574 1044 583 1076 ‚
593 1001 701 1075 nmquis
715 1000 762 1077 qui
772 999 908 1058 mortibus
922 998 1010 1058 edunt

121 1097 188 1148 1005
203 1100 320 1159 magna,
332 1082 429 1142 itidem
440 1101 527 1161 saepe
540 1084 686 1149 insomnis
698 1082 860 1160 faciuntque
872 1091 1050 1160 gerantque,

203 1183 290 1244 reges
304 1177 483 1245 expugnant,
497 1168 659 1246 capiuntur,
672 1165 781 1246 proelia
793 1169 930 1243 miscent,

203 1249 306 1310 tollunt
320 1250 488 1328 clamorem,
501 1253 580 1328 quasi
591 1253 615 1310 si
624 1250 787 1328 iugulentur
798 1249 911 1310 ibidem.

203 1333 283 1394 multi
298 1334 461 1413 depugnant
473 1337 653 1413 gemitusque
665 1334 811 1394 doloribus
823 1332 925 1414 edunt,

205 1428 233 1478 et
245 1419 326 1497 quasi
340 1419 493 1497 pantherae
504 1436 599 1479 morsu
610 1422 725 1479 saevive
737 1417 829 1478 leonia

120 1516 189 1567 1010
203 1502 367 1562 mandantur
377 1504 485 1579 magnis
501 1502 669 1563 clamoribus
682 1505 772 1563 omnia
784 1501 938 1581 complent.

203 1586 282 1645 multi
295 1585 330 1645 de
342 1589 450 1663 maguis
462 1604 515 1665 per
526 1604 652 1647 somnum
662 1587 741 1647 rebu’
754 1585 923 1666 loquuntur,

203 1670 366 1749 indicioque
379 1671 422 1729 sui
434 1670 502 1730 iacti
512 1689 653 1750 persaepe
669 1671 759 1731 fuere.

204 1752 283 1813 multi
294 1763 413 1814 mortem
424 1755 539 1815 obeunt.
554 1755 650 1833 multi,
665 1755 700 1816 de
715 1756 858 1816 montibus
870 1753 934 1815 altis

130 1855 137 1885 ··
205 1848 234 1898 ut
247 1840 294 1917 qui
307 1841 497 1919 praecipitent
511 1840 547 1900 ad
557 1849 659 1900 terram
672 1857 795 1920 corpore
806 1847 884 1916 toto,

120 1935 187 1986 1015
204 1933 414 2002 experguntur,
429 1935 458 1984 et
469 1943 506 1984 ex
516 1942 616 1985 somno
629 1927 709 2003 quasi
719 1924 852 1984 mentibu’
865 1925 940 2001 capti

203 2008 250 2066 vix
261 2007 294 2066 ad
307 2026 340 2066 se
354 2007 492 2085 redeunt,
504 2011 625 2087 permoti
639 2011 768 2087 corporis
781 2017 871 2067 aestu.

205 2091 307 2149 llumen
320 2093 387 2150 item
399 2093 498 2150 sitiens
510 2101 556 2151 aut
570 2091 678 2152 fontem
689 2102 809 2171 propter
818 2107 967 2150 amoenum

202 2173 312 2234 adsidet
328 2183 357 2232 et
374 2184 463 2234 totum
474 2191 565 2254 prope
580 2176 709 2236 faucibus
722 2184 845 2253 occupat
856 2192 974 2234 amnem.

205 2258 266 2334 puri
278 2275 367 2336 saepe
377 2257 469 2318 lacum
480 2269 599 2338 propter
610 2262 635 2320 si
647 2278 681 2320 ac
696 2259 770 2320 dolia
785 2268 863 2318 curta

122 2352 189 2404 1020
204 2359 303 2402 somno
318 2341 441 2403 devincti
455 2342 573 2404 credunt
585 2362 618 2404 00
631 2343 771 2405 extollere
783 2353 913 2419 vestem,

203 2428 289 2486 totius
301 2445 428 2487 umorem
439 2438 582 2488 saccatum
595 2429 716 2508 corpori’
728 2427 862 2501 fundunt,

205 2529 268 2569 cum
279 2510 452 2586 Babylonica
462 2513 610 2590 magnifico
622 2513 776 2592 splendore
788 2514 922 2588 rigantur.

203 2604 261 2654 tum
277 2596 377 2672 quibus
389 2599 489 2656 aetatis
502 2596 574 2656 freta
585 2600 712 2675 primitus
723 2598 877 2656 insinuatur

154 2749 162 2765 ι
203 2697 319 2754 semen,
331 2679 379 2738 uhi
391 2681 453 2757 ipsa
467 2678 528 2740 dies
542 2681 676 2740 membris
689 2690 794 2740 matura
807 2681 930 2755 creavit,

121 2773 187 2826 1025
205 2764 376 2822 conveniunt
389 2761 538 2822 simulacra
549 2764 619 2824 ioris
633 2783 649 2824 e
664 2782 787 2843 corpore
800 2762 938 2842 quodam,

204 2848 299 2905 nuntia
308 2844 448 2924 praeclari
459 2846 553 2908 voltus
566 2847 734 2928 pulchrique
749 2847 872 2924 coloris,

206 2931 253 3009 qui
265 2931 322 2990 ciet
335 2932 450 2991 inritans
461 2930 525 2992 1000
537 2932 646 3010 turgida
657 2935 764 2993 semine
777 2932 883 3009 multo,

204 3025 233 3074 ut
245 3016 324 3093 quasi
335 3018 483 3075 transactis
498 3036 585 3097 saepe
599 3018 720 3077 omnibu'
733 3016 812 3076 rebu’
824 3015 994 3095 profundant

205 3099 325 3158 fluminis
336 3101 460 3176 ingentis
473 3100 576 3161 lluctns
588 3111 755 3180 vestemque
772 3109 930 3160 cruentent.

121 3192 190 3245 1030
247 3183 708 3264 80111011011111111111101110,ουοά
721 3185 839 3244 diximus
851 3193 932 3260 ante,

205 3286 321 3344 semen,
339 3267 432 3328 adulta
443 3279 521 3330 aetas
534 3288 597 3329 cum
608 3272 725 3349 primum
737 3269 852 3328 roborat
862 3278 948 3328 artus.

203 3370 323 3431 namque
335 3351 404 3412 alias
415 3352 490 3411 aliud
503 3373 551 3415 ree
567 3363 726 3413 commovet
737 3363 822 3432 atque
837 3351 970 3412 lacessit:

204 3455 241 3496 ex
252 3435 364 3495 homine
377 3435 525 3496 humanum
538 3456 637 3500 semen
650 3440 707 3497 ciet
719 3455 772 3495 una
784 3436 904 3496 hominis
915 3438 970 3496 vis.
