2288 3886
125 157 188 220 112
606 157 646 217 lv

210 343 275 385 narn
285 326 316 386 lit
327 332 356 385 ut
368 325 515 385 insomnis
527 323 625 385 faeere
636 324 693 386 hoe
705 326 833 388 videatur
844 327 955 407 imago:

211 406 335 490 quippe,
348 407 395 468 ubi
407 410 496 488 prima
507 411 582 487 perit
593 408 706 489 alioque
719 420 765 471 est
776 411 864 472 altem
876 420 940 471 nata

146 501 199 560 770
210 493 275 553 inde
286 501 379 569 statu,
395 495 474 572 prior
484 490 531 551 hio
543 503 657 570 gestum
668 505 793 556 mutasse
803 494 924 555 uidetur.

210 577 341 654 seilicet,
354 577 382 636 id
392 577 453 636 lieri
466 574 554 636 osleni
566 579 675 638 ratione
687 579 881 656 putandumst:

211 670 287 722 tanta
299 670 344 722 est
354 660 497 721 mobilitas
510 670 538 721 et
552 679 646 721 rerum
658 665 741 742 eopia
751 672 845 739 tante,

212 753 346 824 tantaque
358 743 487 806 sensibili
500 748 601 824 quovis
613 754 658 806 est
669 755 801 826 tempore
814 749 842 806 in
854 763 910 806 uno

213 832 297 909 eopia
307 827 523 910 particularum,
536 839 566 891 ut
578 832 670 909 possit
682 832 875 910 suppeditare.

148 922 199 979 775
243 915 256 997 Η
271 912 417 993 lllultaque
429 915 457 972 in
468 913 512 974 liis
524 915 611 976 rebus
623 925 811 995 quaeruntur,
828 915 972 996 multaque
984 920 1071 981 nohis

213 998 419 1075 clarandumst‚
430 997 516 1077 plane
528 999 612 1059 sires
625 1017 773 1078 exponere
784 1017 909 1060 avemus.

212 1085 356 1164 quaeritur
367 1085 395 1142 in
406 1085 503 1161 primis
515 1100 620 1161 quare,
634 1083 710 1161 quod
723 1086 826 1163 cuique
838 1083 926 1144 libido

211 1169 339 1244 venerit,
351 1164 498 1246 extemplo
510 1184 590 1227 mens
603 1169 711 1245 cogitet
723 1170 785 1229 eius
796 1168 825 1228 id
835 1169 937 1247 ipsum.

211 1271 284 1313 anne
295 1251 469 1313 voluntatem
479 1260 603 1312 nostram
615 1251 764 1312 simulacra
775 1262 905 1330 tuentur,

148 1343 200 1400 780
212 1347 241 1398 07
253 1334 335 1397 simul
348 1353 382 1395 00
392 1334 523 1395 uolumus
532 1336 615 1396 nobis
628 1338 753 1396 ooeurrit
763 1339 873 1415 imago,

212 1423 345 1497 sinuare,
357 1420 507 1480 siterraiu
520 1419 653 1498 eordest,
666 1422 691 1480 si
703 1420 826 1500 denique
843 1419 976 1482 00010007

215 1514 374 1565 conventus
388 1502 547 1580 hominurn,
560 1520 711 1584 pompam,
725 1507 869 1582 convivia,
882 1524 1013 1586 pugnas,

214 1590 306 1648 omnia
316 1587 369 1648 suh
382 1587 510 1647 verbone
523 1597 601 1647 oreat
614 1598 712 1650 natura
726 1586 883 1670 paratque?

215 1689 279 1732 eum
290 1673 459 1751 praesertim
469 1670 531 1732 aliis
543 1671 643 1733 eadem
653 1675 682 1733 in
692 1675 812 1752 regione
823 1674 949 1752 loooque

149 1764 200 1821 785
212 1755 301 1834 longe
313 1755 456 1817 dissimilis
468 1758 575 1817 animus
585 1774 633 1818 res
646 1761 755 1837 cogitet
767 1761 865 1819 omnis.

215 1840 281 1920 quid
295 1858 399 1920 porro,
411 1842 594 1902 innumerum
605 1842 765 1921 procedere
779 1860 842 1903 enm
854 1842 1004 1902 simulacra

213 1927 355 1986 cernimus
366 1926 395 1984 in
406 1928 512 1986 somnis
525 1935 554 1986 et
565 1926 662 1987 mollia
672 1928 797 1990 membra
807 1943 943 2003 movere,

212 2009 325 2086 mollia,
337 2009 481 2069 mobiliter
493 2027 556 2069 eum
566 2009 682 2071 alternis
695 2010 829 2071 bracchia
839 2013 951 2071 mittunt

213 2103 241 2153 et
254 2092 381 2152 referunt
393 2092 485 2153 oeulis
497 2102 610 2170 gestum
621 2093 697 2173 pede
710 2091 913 2155 convenienti?

150 2185 203 2240 790
213 2176 344 2254 seilicet,
364 2187 424 2237 arte
436 2176 548 2238 madent
559 2177 708 2239 simulacro
719 2188 748 2239 et
760 2179 844 2239 docta
856 2188 1010 2258 vagantur,

117 2327 119 2330 .
213 2270 352 2320 nocturno
363 2260 461 2322 faeere
474 2271 505 2337 07
518 2263 629 2343 possint
640 2265 809 2343 intempore
822 2263 914 2324 ludos.

213 2363 248 2405 an
258 2347 349 2423 magis
362 2344 499 2411 illuderit
510 2343 629 2408 verum?
641 2350 706 2427 quia
716 2358 846 2427 tempore
857 2351 885 2407 in
896 2363 953 2407 uuo

213 2431 417 2509 [consentimus
429 2430 458 2498 iu
468 2441 514 2492 est
527 2450 589 2492 oum
601 2449 659 2491 vox
672 2434 806 2492 emittitur
817 2431 881 2510 una}

211 2525 340 2594 tempora
351 2515 436 2575 multa
447 2514 551 2593 latent,
562 2517 633 2576 ratio
644 2535 717 2595 quae
730 2518 868 2595 comperit
881 2533 966 2594 esse,

148 2606 200 2660 795
211 2609 368 2680 propterea
381 2601 410 2659 lit
422 2601 462 2659 uti
475 2602 576 2678 quovis
587 2601 615 2659 in
628 2609 758 2679 tempore
771 2618 902 2679 quaeque

211 2693 329 2762 praesto
340 2685 396 2742 sint
407 2681 557 2742 simulacra
568 2682 642 2743 loeis
653 2685 681 2743 in
694 2686 815 2764 quisque
828 2694 932 2764 parata.

214 2766 300 2844 [tenta
312 2775 357 2825 est
368 2765 510 2827 mobilitas
522 2775 551 2826 et
562 2784 657 2826 rerum
670 2770 753 2848 eopia
764 2779 839 2830 tanta

211 2849 267 2909 hoc
279 2849 327 2908 ubi
341 2851 428 2928 prima
439 2852 514 2929 perit
525 2848 638 2929 alioque
650 2862 695 2914 est
706 2851 795 2913 altera
805 2863 869 2914 nata

211 2932 277 2993 inde
288 2943 362 2995 statu
375 2936 453 3012 prior
463 2933 510 2995 hie
522 2945 634 3012 gestum
646 2946 771 2998 mutasse
784 2937 908 3016 videtur]

149 3026 202 3078 800
213 3027 242 3077 07
254 3020 319 3097 quia
330 3020 425 3079 tenvia
437 3029 518 3096 suut,
532 3021 585 3080 nisi
598 3039 630 3080 se
643 3021 804 3099 contendit,
817 3032 901 3083 00070

211 3120 332 3163 eernere
343 3119 400 3162 non
411 3105 488 3182 potis
499 3112 544 3164 est
556 3106 677 3166 animus:
689 3105 809 3184 proinde
822 3107 914 3166 omnia
925 3126 1000 3188 qnae
1011 3114 1079 3169 sunt
1132 3130 1135 3135 ’

210 3197 360 3263 praeterea
370 3196 508 3267 pereunt,
521 3190 574 3248 nisi
587 3190 696 3269 siquae
709 3189 744 3250 ad
756 3209 789 3250 se
800 3193 864 3269 ipse
876 3195 1002 3270 paravit..

211 3271 274 3348 ipse
286 3281 365 3350 parat
378 3291 446 3333 sese
457 3289 562 3351 porro,
575 3282 731 3353 speratque
743 3273 865 3336 iuturum

210 3362 241 3412 07
255 3354 350 3415 videat
362 3356 438 3434 quod
452 3359 638 3435 consequitur
648 3375 709 3417 rem
722 3376 877 3438 quamque:
888 3360 919 3419 177
933 3378 1016 3440 ergo.

143 3445 197 3498 805
212 3455 305 3498 00000
318 3438 399 3500 vides
415 3439 516 3501 oeulos
528 3444 629 3520 etiam,
647 3460 710 3501 oum
721 3445 816 3503 tenvia
827 3461 900 3525 quae
911 3453 977 3505 sunt
