2288 3886
534 184 574 243 Vl

145 369 201 430 quo
213 354 302 429 magis
313 351 349 411 ad
361 352 442 412 nubis
456 351 601 428 augendas
612 352 699 414 mrdta
709 352 841 413 ridentur

145 433 234 514 posse
246 453 360 515 quoque
372 455 389 496 e
400 434 477 497 salso
489 453 665 513 consurgere
679 438 802 498 momine
815 437 911 514 ponti:

77 528 132 584 stc
147 538 210 579 nam
220 522 291 579 ratio
304 522 540 596 consanguineast
554 520 698 581 umoribus
709 519 784 581 ollis.

145 613 294 682 praetcrea
305 602 396 663 fluviis
408 622 446 663 ex
460 604 589 664 omnibus
601 613 631 663 et
642 603 724 666 simul
737 607 799 682 ipsa

144 705 264 764 surgere
277 686 399 747 deterre
411 686 530 747 nebulas
541 696 709 765 aestumque
722 687 868 766 videmus,

145 789 217 849 quae
229 769 307 830 velut
318 769 420 830 halitus
431 771 496 831 binc
508 773 546 830 ita
557 788 668 831 sursum
680 789 819 848 expressa
833 772 961 832 leruntur

144 854 361 933 suffunduntque
374 873 423 914 sua
439 853 549 915 caelum
562 853 682 933 caligine
696 864 725 915 et
737 854 808 915 altas

77 947 132 1001 480
144 938 286 998 sufiiciunt
296 939 379 999 nubis
391 937 524 1015 paulatim
537 939 750 998 conveniundo:
770 956 777 969 ·

145 1031 227 1100 urget
240 1023 313 1080 enim
324 1039 438 1100 quoque
450 1022 578 1099 signiferi
590 1039 678 1101 super
688 1023 813 1082 aetberis
827 1033 923 1083 aestus

148 1115 176 1166 et
188 1108 266 1184 quasi
278 1105 423 1166 densendo
435 1106 562 1167 subtexit
575 1105 688 1166 caerula
699 1107 809 1166 nimbis.

149 1190 177 1248 irt
193 1207 307 1267 quoque
322 1199 351 1249 ut
362 1189 417 1248 buc
428 1192 540 1249 veniant
552 1192 578 1249 in
592 1190 702 1250 caelum
714 1192 894 1251 extrinsecus
907 1189 954 1248 illa

147 1290 266 1351 corpora
278 1291 350 1350 quae
364 1274 470 1334 laciunt
482 1275 565 1334 nubis
576 1275 743 1353 nimbosque
754 1272 892 1334 volantis:

80 1364 132 1416 485
145 1357 375 1416 innumerabilem
387 1360 461 1416 enirn
479 1376 624 1417 numerum
638 1376 830 1437 summamque
843 1357 975 1437 profundi

144 1459 210 1500 esse
222 1440 355 1500 inlinitum
371 1440 472 1517 docui,
485 1452 645 1519 quantaque
657 1442 786 1502 volarent

145 1541 263 1601 corpora
276 1523 431 1585 mobibtate
444 1525 554 1586 ostendi
568 1545 707 1605 quamque
721 1536 844 1605 repente

145 1608 355 1667 inmemorabile
364 1627 424 1686 per
435 1612 555 1686 spatium
567 1613 687 1671 transire
700 1610 838 1672 solerent.

144 1691 210 1751 baut
222 1692 307 1768 igitur
317 1694 459 1770 mirumst,
473 1694 496 1752 si
509 1711 596 1772 parvo
609 1705 739 1773 tempore
751 1714 840 1773 saepe

80 1783 132 1836 490
145 1785 201 1835 tam
213 1793 330 1853 magnae
342 1776 424 1838 molis
436 1786 593 1854 tempestas
605 1787 691 1855 atque
703 1778 841 1837 tenebrae

145 1860 292 1935 coperiunt
305 1863 389 1920 maria
400 1877 434 1919 ac
446 1869 536 1919 terras
547 1861 666 1937 inpensa
680 1878 822 1937 supeme‚

145 1943 267 2021 undique
280 1943 506 2022 quandoquidem
518 1960 571 2021 per
582 1943 677 2004 caulas
687 1943 812 2004 aetheris
826 1945 916 2005 omnis

146 2037 174 2086 et
186 2029 264 2104 quasi
278 2029 433 2104 permagni
446 2029 552 2086 circum
563 2026 705 2104 spiracula
716 2027 811 2087 mundi

145 2112 237 2170 exitus
249 2113 436 2189 introitusque
449 2111 599 2174 elementis
613 2112 739 2173 redditus
756 2121 842 2174 extat.

80 2201 132 2256 495
186 2192 268 2253 Nunc
280 2212 351 2272 age,
365 2212 421 2272 quo
435 2205 520 2271 pacto
532 2195 645 2275 pluvius
658 2207 827 2257 concrescat
839 2197 866 2255 in
877 2194 942 2256 altis

145 2278 266 2337 nubibus
278 2295 375 2354 umor,
388 2289 416 2338 et
431 2281 458 2337 in
470 2289 561 2339 terras
575 2280 715 2341 demissus
727 2290 758 2339 ut
771 2281 863 2339 imber

145 2361 273 2436 deeidat,
290 2361 448 2440 expediam.
461 2363 580 2440 primum
594 2364 647 2421 iam
660 2363 767 2422 semina
778 2364 859 2441 aquai

144 2443 231 2504 multa
242 2443 323 2503 simul
335 2448 446 2505 vincam
459 2462 634 2524 consurgere
645 2446 767 2505 nubibus
778 2448 850 2524 ipsis

146 2529 276 2587 omnibus
287 2547 324 2587 ex
334 2529 437 2604 rebus,
453 2531 615 2608 pariterque
627 2532 664 2590 ita
677 2547 812 2589 crescere
825 2539 992 2607 utrumque,

80 2621 134 2672 500
147 2621 175 2671 et
187 2612 286 2689 nubis,
300 2623 329 2673 et
340 2631 456 2690 aquam,
470 2631 665 2692 quaecumque
680 2615 708 2672 in
720 2613 842 2673 nubibus
854 2622 952 2690 extat,

83 2752 88 2759 .
146 2705 176 2755 ut
188 2697 295 2772 pariter
306 2698 387 2756 nobis
401 2713 506 2773 corpus
520 2716 583 2757 oum
597 2698 734 2776 sanguine
751 2699 874 2775 crescit,

74 2774 79 2783 '
147 2778 235 2838 sudor
245 2781 328 2857 item,
341 2789 426 2858 atque
437 2797 518 2839 umor
530 2783 701 2861 quicumque
713 2790 758 2842 est
770 2781 893 2860 denique
905 2779 1045 2840 membris

147 2863 310 2942 concipiunt
322 2866 405 2923 etiam
416 2864 533 2923 multum
545 2882 659 2943 quoque
671 2884 760 2943 saepe
774 2866 906 2924 marinum

147 2963 288 3024 umorem,
301 2945 390 3007 veluti
402 2947 554 3026 pendentia
567 2947 676 3008 vellera
688 2947 784 3024 lanae,

82 3041 133 3092 505
150 3048 213 3089 oum
224 3049 328 3109 supera
338 3049 467 3108 magnum
480 3048 556 3091 mare
568 3034 644 3090 venti
656 3030 751 3090 nubila
762 3039 874 3109 portant

147 3114 285 3173 consimili
296 3116 404 3174 ratione
417 3133 453 3173 ex
466 3116 594 3174 omnibus
606 3115 733 3174 amnibus
744 3132 825 3173 umor

147 3197 254 3257 tollitur
265 3200 292 3256 in
304 3199 395 3260 nubis.
409 3216 465 3276 quo
478 3216 541 3258 cum
552 3198 626 3256 bane
639 3200 746 3258 semina
757 3215 890 3276 aquarum

147 3281 231 3341 multa
244 3281 334 3340 modis
346 3284 439 3342 multis
453 3299 614 3341 convenere
626 3281 749 3360 undique
761 3281 897 3359 adaucta,

148 3365 294 3424 confertae
306 3365 397 3425 nubes
410 3366 516 3427 inebria
529 3367 679 3426 demittere
693 3375 802 3425 certant

82 3458 135 3509 510
150 3446 315 3527 dupliciter:
327 3466 389 3507 nam
399 3452 442 3510 vis
453 3451 531 3510 venti
543 3449 699 3527 contrudit,
717 3450 819 3526 etipsa

105 3536 262 3590 bucnerrus.
853 3533 892 3593 12
