2288 3886
117 160 157 224 86
587 155 636 215 lll

136 335 188 390 890
199 327 326 403 frigore,
340 343 404 384 curn
415 340 524 384 summo
539 322 626 400 gelidi
642 324 725 384 cubat
736 341 862 403 aequore
874 323 952 401 saxi,

199 411 332 508 urgerive
345 424 470 486 superne
481 408 613 468 obtritum
624 406 751 506 pondere
765 416 868 467 terroe.

255 482 389 552 lamnam
400 509 458 552 non
470 491 569 551 domus
580 492 703 570 accipiet
714 501 743 551 te
754 488 829 551 laeta
836 509 953 570 neque
964 507 1039 551 uxor

201 578 305 657 optima
315 594 370 636 nec
382 574 482 636 dulces
494 583 645 635 occurrent
656 573 755 635 oscula
766 577 822 635 nati

200 662 366 758 praeripere
377 668 406 720 ct
419 660 504 719 tacita
516 667 618 737 pectus
631 658 781 719 dulcedine
792 667 917 736 tangent.

137 753 188 808 895
202 762 259 805 non
271 744 380 823 poteris
391 741 652 802 lactisllorentibus
664 761 732 802 esse
739 745 876 821 ,tuisque

94 843 97 848 ’
202 827 381 908 praesidium.
394 827 625 886 miseromisere'
636 816 727 885 aiunt
734 843 825 887 omma
835 825 939 887 ademit

200 930 256 972 una
267 911 330 971 dies
344 910 447 971 infesta
456 910 508 970 tibi
519 919 561 970 tot
571 912 695 1010 praemia
705 911 799 969 vitae)

201 994 290 1056 illud'
282 1015 310 1055 ιιι
321 993 366 1056 his
377 994 464 1055 rebus
478 1011 534 1053 non
545 984 680 1071 addunt,
686 1011 741 1054 nec
752 994 803 1053 tibi
815 1011 910 1054 earum

201 1083 255 1141 iem
270 1078 440 1140 desiderimn
451 1096 546 1138 rerum
556 1095 643 1157 super
653 1039 757 1138 i’nsidet
768 1079 840 1136 uua’

138 1175 191 1229 900
204 1163 280 1245 quod
292 1163 367 1223 bene
378 1181 403 1223 sr
396 1162 525 1222 'videant
537 1163 627 1221 animo
639 1160 780 1240 dictisque
794 1171 963 1241 sequantur,

202 1247 359 1310 dissoluant
372 1247 454 1307 animi
465 1263 567 1323 magno
579 1265 613 1306 se
623 1263 731 1325 angore
742 1255 886 1325 metuque.

203 1324 248 1392 tu
260 1331 374 1411 quidem
384 1339 415 1390 ut
426 1349 458 1391 es
470 1328 530 1390 leto
543 1331 670 1408 sopitus,
683 1332 725 1390 sic
737 1331 794 1391 eris
806 1331 869 1390 aevi

204 1415 280 1495 quod
292 1423 437 1494 superest
449 1416 559 1474 cunctis
570 1415 690 1492 privatu'
706 1412 851 1474 doloribus
862 1416 973 1492 aegris:

128 1536 129 1542 κ
202 1509 230 1560 at
239 1517 292 1560 nos
303 1498 437 1559 borribco
454 1497 623 1558 cinefactum
633 1508 663 1559 tc
675 1515 766 1577 prope
779 1498 863 1558 busto

137 1593 188 1648 905
203 1582 399 1644 insatiabiliter
410 1581 592 1659 deflevimus,
605 1592 809 1661 aeternumque

202 1666 280 1728 nulla
291 1666 352 1727 dies
363 1665 447 1727 nobis
459 1683 601 1726 merorem
613 1685 629 1726 e
641 1676 763 1746 pectore
775 1665 888 1727 demet!

202 1750 272 1812 illud
283 1752 318 1812 ab
329 1750 386 1811 boc
397 1751 484 1829 igitur
498 1749 689 1830 quaerendum
699 1760 761 1828 est,
775 1750 842 1830 quid
852 1753 889 1811 sit
900 1753 984 1810 amari

203 1845 282 1897 tanto
296 1853 402 1915 opere,
415 1834 449 1895 ad
461 1852 589 1895 somnum
600 1836 624 1896 si
634 1853 682 1896 res
694 1834 767 1897 redit
779 1845 864 1916 atque
877 1837 1019 1913 quietem,

206 1939 257 1981 cur
268 1923 416 2019 quisquam
426 1929 544 1981 aeterno
557 1922 651 2000 possit
660 1919 814 1980 tabescere
827 1918 915 1979 luctu.

141 2011 192 2066 910
247 2004 309 2065 Hoc
326 2005 409 2064 etiarn
423 2003 529 2064 iaciunt
539 2004 588 2064 ubi
600 2002 772 2065 discubuere
783 2011 939 2082 tenentque

204 2088 310 2167 pocula
320 2105 407 2165 saepe
420 2086 548 2147 homines
559 2097 589 2147 et
599 2087 756 2146 inumbrant
770 2104 819 2147 ora
832 2089 964 2164 coronis,

206 2191 243 2233 ex
256 2173 347 2230 animo
359 2180 389 2230 ut
402 2161 510 2230 dicant‘
515 2171 611 2231 brevis
622 2169 669 2230 bic
681 2179 727 2231 est
737 2170 846 2233 lructns
857 2169 1005 2234 homullis:

204 2257 259 2315 iam
269 2255 355 2316 fuerit
362 2273 478 2334 ,neque
492 2264 559 2334 post
571 2272 701 2354 umquam
710 2272 850 2315 revocare
861 2254 979 2317 beabit!

203 2349 343 2419 tamqnam
353 2340 382 2399 in
393 2348 483 2400 morte
494 2337 559 2398 mali
573 2358 635 2399 omn
646 2341 743 2418 primis
753 2339 810 2400 hoc
822 2341 858 2401 sit
870 2357 985 2418 eornm,

141 2430 193 2485 915
207 2424 284 2505 quod
295 2427 356 2485 sitis
370 2421 600 2486 exuratmiseros
611 2434 696 2503 atque
708 2423 785 2484 arida
794 2434 904 2501 torres,

205 2519 252 2570 ant
263 2507 334 2569 aliae
348 2509 427 2569 cuius
439 2507 609 2568 desiderium
619 2507 739 2568 insideat
750 2509 802 2569 rei.

204 2612 260 2653 nec
271 2594 326 2654 sibi
337 2594 411 2652 enim
423 2593 569 2670 quisquam
579 2600 638 2651 tum
649 2610 681 2651 se
692 2594 833 2671 vitamque
845 2591 980 2670 requirit,

207 2694 271 2736 cum
284 2677 390 2754 pariter
400 2693 480 2734 mens
496 2684 525 2734 et
537 2692 641 2753 corpus
653 2677 746 2755 sopita
759 2679 923 2754 quiescunt:

205 2777 269 2819 narn
280 2758 350 2819 licet
360 2767 505 2818 aeternum
516 2775 632 2837 pernes
643 2759 687 2820 sic
698 2778 765 2820 esse
776 2777 830 2839 per
841 2776 958 2836 aevom,

141 2849 193 2906 920
204 2861 261 2904 nee
272 2841 443 2903 desiderium
456 2845 546 2903 nostri
558 2860 611 2904 nos
623 2843 717 2904 adiicit
728 2843 832 2904 ullum:

206 2936 339 2988 ettamen
350 2925 423 2986 baud
434 2937 774 3007 qucquamnostrostnnc
785 2926 833 2988 illa
846 2946 898 3007 per
908 2935 985 2989 amus

205 3011 293 3090 longe
305 3011 340 3071 ab
353 3011 503 3072 sensiferis
516 3010 666 3091 primordia
678 3013 800 3073 motibus
812 3020 922 3089 errant,

208 3114 272 3156 curn
283 3104 433 3174 correptus
445 3095 530 3156 homo
542 3115 580 3156 ex
591 3113 691 3157 somno
703 3115 736 3157 se
749 3095 861 3173 colligit
870 3098 944 3175 ipse.

181 3211 184 3219 ·
204 3179 293 3240 multo
304 3181 390 3258 igitur
400 3190 520 3241 mortem
531 3183 621 3240 miuus
632 3179 729 3250 adnos
741 3198 808 3240 esse
819 3177 1015 3258 putandumst;

141 3273 193 3328 925
207 3264 333 3325 siminus
346 3283 413 3324 esse
426 3273 522 3343 potest
535 3282 616 3343 quam
630 3262 705 3342 quod
719 3262 758 3322 nil
770 3282 838 3323 esse
848 3263 992 3324 videmus:

205 3349 293 3408 maior
307 3349 381 3407 euim
392 3348 491 3408 turbae
504 3349 640 3408 disiectus
652 3348 776 3406 materiai

207 3433 391 3511 consequitur
400 3431 478 3511 leto,
490 3451 545 3492 nec
557 3433 703 3511 quisquam
715 3432 881 3509 expergitus
895 3439 1006 3506 exstat,
