2288 3886
116 185 178 250 158
598 183 623 241 V

201 350 356 425 corripiunt
369 347 462 406 divum
476 349 606 426 percussi
617 347 740 406 membra
751 348 869 424 timore,

200 430 306 509 nequid
317 431 354 490 ob
365 430 515 490 admissum
530 430 616 491 foede
631 431 772 491 dictumve
787 431 911 509 superbe

203 530 357 593 poenamm
371 531 459 590 grave
472 516 507 574 sit
519 513 649 575 solvendi
662 524 774 593 tempus
788 509 935 573 adultum?

101 666 105 673 ,
203 616 309 660 summa
320 599 404 657 etiam
417 615 480 656 oum
494 599 538 658 vis
548 597 666 658 uiolenti
678 614 731 673 per
741 615 818 656 mare
829 597 905 655 venti

123 693 186 747 1225
202 680 429 756 induperatorem
445 680 545 742 classis
557 697 644 757 super
654 698 778 758 aequora
793 682 880 740 verrit

203 783 267 826 eum
277 763 377 825 validis
390 766 494 840 pariter
504 763 666 842 legionibus
676 773 762 842 atque
776 761 952 841 elephantis,

203 866 259 908 non
273 847 367 906 divom
377 865 478 925 pacem
492 850 566 908 votis
577 848 633 908 adit
648 866 682 909 ac
696 866 785 926 prece
800 848 910 924 quaesit

203 940 349 991 ventorum
362 931 478 1008 pavidus
494 949 581 1007 paces
592 932 754 1008 animasque
767 928 923 1004 secundas,

202 1016 386 1093 nequiquam,
404 1016 533 1092 quoniam
543 1014 669 1074 violento
684 1015 794 1074 turbine
806 1031 894 1091 saepe

120 1108 187 1161 1230
203 1107 352 1176 correptus
366 1095 423 1156 nilo
438 1096 529 1157 fertur
538 1100 628 1156 minus
639 1097 674 1156 ad
686 1097 755 1157 vada
765 1092 835 1157 leti?

203 1200 293 1260 usque
304 1180 376 1241 adeo
387 1198 435 1244 res
445 1181 579 1241 humanas
593 1184 636 1243 vis
647 1180 740 1241 abdita
752 1179 888 1257 quaedam

203 1266 324 1343 opterit,
338 1275 367 1324 ot
378 1263 514 1342 pulchros
526 1264 613 1324 lascis
624 1281 780 1343 saevasque
791 1280 910 1323 secures

203 1346 372 1428 proculcare
383 1366 418 1408 ac
429 1347 549 1408 ludibrio
562 1348 615 1408 sibi
625 1347 732 1407 habere
746 1347 865 1406 videtur.

203 1431 325 1509 denique
337 1430 389 1491 sub
402 1431 522 1509 pedibus
533 1430 619 1491 tellus
631 1448 695 1490 cum
705 1440 763 1491 tota
777 1428 889 1489 vacillat

120 1524 187 1578 1235
205 1531 420 1591 concussaeque
436 1514 537 1574 cadunt
548 1514 635 1574 urbes
649 1513 807 1592 dubiaeque
818 1515 970 1590 minacior,

205 1597 271 1675 quid
281 1598 395 1672 mirum,
411 1599 435 1656 si
446 1616 478 1656 se
490 1605 617 1658 temnunt
629 1596 755 1657 mortalia
769 1596 866 1658 saecla

203 1690 288 1758 atque
303 1682 452 1757 potestatis
467 1698 581 1757 magnas
594 1682 735 1758 mirasque
745 1681 906 1758 relinquunt

202 1765 230 1824 in
241 1765 328 1826 rebus
338 1764 406 1822 viris
417 1763 526 1841 divum,
540 1782 611 1843 quae
627 1773 728 1825 cuncta
742 1760 921 1842 gubernent?

246 1846 329 1920 Quod
341 1858 483 1926 superest,
495 1866 544 1909 aes
555 1858 641 1926 atque
652 1865 749 1908 aurum
760 1848 922 1925 ferrumque
934 1857 1108 1926 repertumst

120 1940 188 1994 1240
203 1941 232 1991 et
248 1929 329 1991 simul
343 1933 452 2008 argenti
464 1929 574 2010 pondus
584 1931 749 2010 plumbique
764 1940 908 2010 potestas,

203 2016 276 2092 ignis
288 2015 336 2073 ubi
347 2015 471 2090 ingentis
483 2013 569 2075 silvas
580 2015 681 2075 ardore
696 2023 833 2076 cremarat

203 2097 344 2157 montibus
356 2100 383 2155 in
394 2100 519 2175 magnis,
533 2117 584 2157 seu
597 2098 678 2158 caelo
690 2096 806 2159 fulmine
821 2099 925 2177 misso,

205 2182 265 2240 sive
277 2178 353 2258 quod
364 2181 436 2239 inter
447 2198 480 2240 se
491 2179 598 2240 bellum
610 2181 743 2243 silvestre
755 2191 891 2259 gerentes

203 2261 333 2323 hostibus
348 2262 498 2324 intulerant
510 2266 605 2342 ignem
619 2264 774 2326 formidinis
786 2282 872 2342 ergo,

122 2355 187 2410 1245
205 2348 266 2408 sive
278 2347 354 2426 quod
364 2347 470 2409 inducti
484 2357 577 2410 terrae
589 2348 714 2410 bonitate
728 2349 862 2410 volebant

203 2430 328 2508 pandere
339 2448 425 2509 agros
437 2433 550 2510 pinguis
564 2441 594 2492 et
609 2449 714 2511 pascua
727 2433 847 2494 reddere
858 2449 939 2509 rura,

204 2517 265 2574 sive
277 2513 352 2576 ieras
366 2515 530 2576 interlicere
541 2525 570 2576 et
582 2514 724 2577 ditescere
739 2515 857 2596 praeda:

202 2616 264 2657 nam
275 2597 359 2657 lorea
370 2609 454 2676 atque
467 2601 525 2676 igni
536 2599 613 2676 prius
625 2609 669 2660 est
678 2603 808 2660 venarier
818 2609 909 2658 ortum

203 2698 285 2758 quam
297 2683 408 2757 saepire
421 2680 512 2759 plagis
528 2681 629 2743 saltum
641 2683 813 2761 canibusque
829 2684 915 2742 ciere.

122 2775 188 2827 1250
204 2761 338 2841 quidquid
349 2763 377 2822 id
389 2774 450 2840 est,
467 2782 644 2843 quacumque
655 2785 672 2826 e
685 2785 768 2829 causa
780 2766 923 2827 flammeus
937 2765 1023 2827 ardor

203 2844 330 2905 horribili
342 2849 434 2907 sonitu
450 2846 535 2909 silvas
547 2848 682 2909 exederat
693 2849 757 2910 altis

202 2930 237 2990 ab
248 2930 390 2992 radicibus
402 2941 432 2992 et
443 2940 545 2992 terram
557 2944 727 3009 percoxerat
738 2934 812 3011 igni,

202 3014 328 3075 manabat
340 3016 421 3076 venis
432 3015 608 3077 ferventibus
619 3019 647 3075 in
658 3015 723 3077 loca
734 3025 827 3076 terrae

203 3115 328 3159 concava
343 3101 515 3161 conveniens
530 3102 639 3177 urgenti
650 3101 726 3161 rivus
742 3109 771 3160 et
781 3101 856 3176 auri,

121 3190 186 3244 1255
203 3184 277 3241 aeris
288 3184 355 3241 item
367 3192 394 3242 et
410 3182 525 3260 plumbi.
540 3201 612 3261 quae
628 3200 691 3242 cum
706 3192 841 3243 concreta
855 3181 989 3242 videbant

203 3267 346 3342 posterius
358 3265 434 3327 clarc
446 3268 474 3326 in
488 3276 563 3327 terra
576 3265 728 3345 splendere
742 3265 857 3343 colore,

202 3347 340 3408 tollebant
353 3350 439 3409 nitido
452 3353 525 3428 capti
536 3349 651 3427 levique
662 3345 780 3427 lepore,

202 3441 231 3491 et
243 3431 324 3491 simili
336 3430 452 3494 formata
462 3432 595 3493 videbant
607 3452 672 3494 esse
688 3435 777 3510 ligura
