2288 3886
128 197 187 259 190
604 192 642 252 v1

209 364 349 442 principio
362 372 464 422 terram
476 358 520 420 sol
534 360 669 437 excoquit
682 368 710 418 et
725 357 792 418 iacit
803 375 872 435 are,

209 457 236 506 at
249 445 370 523 glaciem
382 443 511 504 dissolvit
522 453 551 503 et
565 441 628 503 altis
640 441 780 501 montibus
793 440 863 502 altas

210 538 411 606 extructasque
423 530 505 586 nives
516 527 600 585 radiis
613 525 763 584 tabescere
778 528 870 602 cogit:

146 623 197 677 965
210 614 332 690 denique
347 629 413 670 cera
425 610 535 689 liquefit
548 612 574 668 in
588 612 649 668 eius
661 618 744 687 posta
755 626 871 686 vapore.

209 699 290 772 ignes
303 697 369 754 item
382 694 516 773 liquidum
528 693 595 751 facit
607 711 656 751 aes
668 710 821 769 aurumque
833 692 973 770 resolvit,

210 789 236 839 at
249 781 325 838 coria
337 787 366 839 et
379 795 491 837 earnem
502 777 584 836 trahit
596 785 625 835 et
639 776 771 835 conducit
781 778 808 834 in
821 795 913 834 unum.

210 879 290 921 umor
302 880 391 939 aquae
405 878 491 940 porro
502 860 608 919 ferrum
620 859 756 918 condurat
768 859 802 918 ab
815 862 889 937 igni,

210 955 237 1005 at
250 946 326 1005 coria
341 954 370 1004 et
382 963 494 1004 carnem
506 942 595 1002 mollit
610 943 705 1002 dumta
719 943 823 1002 calore.

146 1038 198 1093 970
210 1029 373 1106 barbigeras
385 1027 510 1087 oleaster
524 1045 559 1087 eo
572 1029 748 1104 iuratusque
762 1026 903 1104 capellas,

211 1113 307 1173 eilluat
321 1112 479 1172 ambrosiae
492 1113 570 1189 quasi
582 1128 651 1169 vere
662 1119 691 1169 et
706 1111 822 1169 nectari'
835 1111 958 1180 linctus,

211 1215 265 1275 qua
278 1195 316 1254 nil
329 1205 374 1256 est
385 1195 488 1254 bomini
501 1194 575 1273 quod
588 1196 700 1253 amariu’
713 1193 842 1254 frondeat
854 1214 931 1254 esca.

211 1281 333 1357 denique
346 1281 530 1338 amaracinum
543 1278 643 1355 fugitat
656 1295 705 1337 sus
719 1287 748 1337 et
764 1279 842 1337 timet
854 1295 936 1338 omne

210 1373 378 1441 ungentum:
391 1381 453 1421 nam
465 1364 615 1439 saetigeris
629 1361 716 1420 subus
729 1379 795 1421 acre
807 1373 997 1430 venenumst;

144 1456 194 1510 975
208 1446 283 1527 quod
296 1463 348 1505 nos
360 1445 498 1506 interdum
511 1455 649 1524 tamquam
659 1463 792 1504 recreare
804 1446 924 1505 videtur.

210 1540 237 1590 at
250 1540 347 1589 eontra
358 1530 440 1589 nobis
453 1547 570 1588 caenum
580 1530 739 1588 taeterrima
753 1546 815 1588 cum
829 1532 865 1588 sit

211 1615 379 1692 spurcities,
393 1613 491 1672 eadem
503 1612 591 1672 subus
606 1611 677 1671 baec
688 1611 807 1670 iucunda
818 1613 949 1693 videtur,

211 1696 405 1757 insatiabiliter
416 1697 467 1756 toti
479 1705 508 1755 ut
521 1695 669 1755 volvantur
682 1696 793 1755 ibidem.

253 1780 314 1841 lloe
327 1782 410 1841 etiam
421 1789 571 1859 superest,
585 1782 645 1858 ipsa
659 1798 740 1857 quam
752 1779 848 1839 dicere
861 1780 940 1840 dere

147 1874 198 1927 980
212 1864 364 1942 adgredior
375 1865 451 1942 quod
462 1864 611 1924 dicendum
622 1866 699 1942 prius
712 1882 779 1923 esse
790 1864 910 1923 videtur.

210 1949 296 2008 multa
306 1949 440 2008 foramina
453 1967 515 2007 eum
528 1950 613 2008 variis
626 1949 680 2006 sint
693 1946 800 2006 reddita
811 1948 915 2025 rebus,

212 2032 339 2092 dissimili
354 2034 427 2092 inter
439 2052 471 2091 se
484 2042 581 2091 natura
595 2032 721 2109 praedita
734 2029 839 2090 debent

212 2135 279 2175 esse
292 2126 320 2174 et
332 2116 439 2175 habere
453 2133 532 2174 suam
543 2123 665 2174 naturam
680 2132 809 2192 quaeque
821 2116 949 2193 viasque.

211 2200 317 2276 quippe
330 2201 434 2258 etenim
445 2200 513 2257 varii
526 2217 627 2259 seusus
641 2199 824 2258 animantibus
837 2200 945 2276 insunt,

146 2291 196 2344 985
210 2300 327 2361 quorum
340 2285 460 2363 quisque
473 2301 550 2343 suam
562 2284 676 2360 proprie
688 2300 747 2340 rem
759 2284 882 2361 percipit
893 2286 921 2341 in
934 2302 987 2342 se*

211 2385 272 2425 nam
285 2377 436 2444 penetrare
448 2366 503 2427 alio
516 2369 624 2426 sonitus
637 2365 750 2442 alioque
763 2383 893 2444 saporem

212 2452 352 2511 ceruimus
364 2471 380 2510 e
393 2452 486 2526 sucis,
502 2451 557 2510 alio
568 2451 673 2510 nidoris
686 2450 799 2510 odores.

211 2543 361 2612 praeterea
372 2553 483 2594 manare
500 2534 574 2594 aliud
586 2553 639 2613 per
649 2552 715 2594 sara
726 2534 853 2609 videtur,

211 2627 296 2696 atque
308 2618 383 2677 aliud
394 2617 496 2695 lignis,
510 2618 584 2678 aliud
596 2620 714 2677 transire
726 2636 779 2696 per
790 2635 903 2692 aurum,

147 2709 199 2762 990
209 2710 387 2779 argentoque
401 2702 477 2760 lonas
489 2701 563 2761 aliud
573 2705 703 2779 vitroque
715 2720 825 2761 meare:

211 2802 273 2842 nam
286 2784 374 2843 iluere
386 2784 439 2844 bac
452 2787 584 2862 species,
598 2785 664 2844 illac
676 2784 753 2845 calor
764 2787 805 2844 ire
816 2784 946 2861 videtur,

211 2878 295 2945 atque
307 2867 368 2928 aliis
380 2868 446 2927 aliut
459 2870 541 2928 citius
553 2871 740 2929 transmittere
753 2867 860 2928 eadem.

212 2952 340 3030 scilicet,
352 2953 379 3011 id
393 2953 453 3012 lieri
466 2955 543 3031 cogit
555 2963 650 3013 natura
661 2957 765 3011 viamm

211 3036 381 3098 multimodis
394 3039 521 3115 varians,
535 3047 565 3097 ut
575 3037 660 3116 paulo
672 3037 845 3096 ostendimus
857 3045 939 3113 ante,

148 3127 198 3182 995
212 3132 332 3200 propter
342 3120 507 3181 dissimilem
519 3131 642 3181 naturam
655 3131 788 3198 textaque
801 3139 903 3179 rerum.

253 3203 450 3284 Quapropter,
464 3204 538 3264 bene
550 3205 597 3264 ubi
609 3205 681 3264 baec
694 3206 854 3263 conlirmata
867 3212 953 3282 atque
965 3203 1065 3265 locata

212 3291 301 3347 omnia
314 3289 490 3349 constiterint
502 3289 584 3348 nobis
597 3298 749 3367 praeposta
760 3298 872 3365 parata,

211 3372 286 3449 quod
298 3382 447 3450 superest,
463 3371 547 3431 facilc
561 3373 626 3431 bine
638 3374 708 3431 ratio
719 3371 870 3448 reddetur,
883 3380 913 3431 et
925 3372 1017 3431 omnis

211 3474 295 3515 causa
306 3457 437 3534 patefiet,
452 3474 523 3532 (puae
536 3455 602 3514 ferri
617 3455 742 3532 pelliciat
754 3458 817 3514 vim.
