2288 3886
48 156 108 217 166
519 153 560 213 vl

84 336 117 387 55
134 326 213 402 cogit
224 323 259 384 ad
269 323 416 401 imperium
428 341 475 382 res
488 331 516 382 et
529 321 691 382 concedere
704 340 831 398 regnum.

133 410 265 488 [quorum
278 423 396 484 opernm
408 423 508 466 causas
518 405 595 465 nulla
605 407 713 465 ratione
724 406 823 466 videre

131 500 252 571 possunt
264 508 298 550 ac
312 491 371 549 lieri
384 489 478 549 divino
488 492 601 548 numine
613 489 719 566 rentur]

131 592 194 634 nam
207 575 280 634 hene
292 575 340 652 qui
351 573 477 633 didicere
492 572 563 634 deos
574 590 707 633 secumm
718 590 806 649 agere
820 589 940 652 aevom,

132 661 156 718 si
168 668 260 718 tamen
271 659 380 716 interea
390 658 522 717 mirantur
533 675 588 735 qua
597 659 706 717 ratione

83 753 117 806 60
134 760 263 820 quaeque
273 743 335 818 geri
346 742 474 819 possint,
486 743 654 819 praesertim
665 740 752 800 rebus
764 737 858 798 inillis

133 844 205 904 quae
217 842 322 902 supera
334 834 418 904 caput
429 824 564 885 aetheriis
577 834 729 884 cernuntur
740 826 768 882 in
782 824 855 898 oris,

131 927 229 970 rursus
240 911 269 968 in
283 911 409 986 antiquas
421 908 582 968 relemntur
592 907 756 985 religionis,

132 1004 161 1054 et
173 993 299 1052 dominos
310 994 383 1052 acris
395 992 574 1070 adsciscunt,
587 995 678 1051 omnia
689 1009 778 1070 posse

133 1095 204 1155 quos
215 1078 311 1138 miseri
323 1076 458 1154 credunt,
471 1077 560 1155 ignari
571 1076 637 1154 quid
649 1086 733 1154 queat
748 1093 832 1151 esse,

83 1170 117 1225 65
135 1160 201 1239 quid
211 1169 351 1238 nequeat,
365 1162 440 1220 finita
451 1170 580 1240 potestas
595 1160 717 1238 denique
733 1161 835 1238 cuique
967 1238 971 1245 ι

132 1262 249 1323 quanam
260 1246 296 1303 sit
307 1246 406 1303 rationi
417 1252 503 1323 atque
514 1243 571 1304 alte
582 1246 716 1305 terminus
728 1243 864 1309 haerens;

132 1345 188 1407 quo
201 1330 289 1404 magis
301 1338 427 1388 errantes
441 1346 528 1388 caeca
538 1331 646 1388 ratione
657 1327 792 1388 ieruntur.

131 1431 203 1489 quae
214 1413 268 1471 nisi
279 1415 392 1491 respuis
405 1431 443 1472 ex
454 1414 544 1473 animo
554 1411 699 1490 longeque
710 1412 828 1471 remittis

131 1495 175 1555 dis
186 1495 298 1571 indigna
308 1505 408 1573 putare
420 1496 568 1575 alienaque
579 1498 659 1575 pacis
671 1512 785 1571 eorum,

86 1588 119 1642 to
135 1577 256 1638 delibata
268 1578 350 1637 deum
362 1598 416 1657 per
425 1589 455 1640 te
468 1581 518 1639 tibi
530 1583 640 1639 numina
650 1588 747 1640 sancta

131 1681 219 1740 saepe
231 1662 365 1730 oberunt;
378 1679 433 1721 non
446 1681 502 1741 quo
513 1663 613 1723 violari
624 1661 730 1724 summa
740 1662 823 1723 deum
834 1663 877 1722 vis

131 1748 239 1825 possit,
252 1756 281 1805 ut
293 1764 331 1805 ex
343 1748 383 1806 ira
395 1764 502 1824 poenas
516 1758 618 1826 petere
629 1749 735 1808 inbibat
748 1747 838 1822 acris,

131 1830 182 1891 sed
195 1833 258 1908 quia
271 1840 330 1889 tute
342 1830 392 1889 tibi
404 1830 515 1909 placida
527 1849 674 1910 cumpace
689 1833 800 1909 quietos

132 1916 288 1975 constitues
300 1932 417 1991 magnos
431 1917 533 1974 irarum
542 1915 662 1976 volvere
674 1914 793 1990 ductus,

83 2004 115 2058 75
132 2015 187 2057 neo
199 1995 315 2058 delubra
328 1998 410 2058 deum
422 1998 533 2076 placido
547 2018 610 2058 curn
621 2009 741 2078 pectore
753 1996 858 2073 adibis,

130 2098 186 2139 nec
198 2079 233 2140 de
247 2099 369 2157 corpore
380 2099 453 2160 quae
464 2092 563 2142 sancto
576 2083 724 2143 simulacra
736 2081 863 2141 feruntur

130 2164 158 2221 in
169 2173 279 2223 mentes
291 2164 432 2223 hominum
444 2166 553 2225 divinae
564 2168 658 2228 numia
669 2167 793 2242 formae,

132 2248 280 2323 suscipere
294 2246 365 2306 haec
376 2250 458 2308 animi
472 2249 621 2328 tranquilla
631 2269 704 2328 pace
714 2248 834 2309 valebis.

130 2329 195 2388 inde
206 2330 304 2390 videre
316 2330 384 2391 licet
400 2333 489 2411 qualis
502 2337 555 2393 iam
566 2337 623 2394 vita
634 2343 776 2411 sequatur.

83 2420 118 2474 80
132 2430 214 2491 quam
226 2415 338 2493 quidem
350 2427 380 2476 ut
392 2436 406 2475 a
417 2418 499 2476 nobis
512 2420 582 2477 ratio
592 2419 739 2477 verissima
750 2416 837 2492 longe

129 2498 244 2577 reiciat,
258 2517 422 2578 quamquam
435 2511 499 2561 sunt
510 2520 526 2561 a
538 2521 583 2561 me
595 2500 681 2560 multa
690 2499 838 2579 prolecta,

128 2580 214 2641 multa
225 2592 318 2643 tamen
327 2594 434 2644 restant
447 2595 476 2645 et
488 2595 551 2645 sunt
562 2583 684 2645 ornanda
694 2583 791 2662 politis

129 2666 276 2725 versibus:
288 2676 333 2726 est
347 2670 418 2726 ratio
429 2669 568 2746 sulpcodi
578 2670 679 2746 visque
689 2665 821 2743 tonandi,

128 2757 192 2807 sunt
205 2758 390 2828 tempestates
402 2760 431 2809 et
442 2750 555 2809 fulmina
568 2752 642 2811 clara
655 2749 794 2827 canenda,

79 2839 113 2893 85
128 2827 142 2913 ΙΙ
156 2832 222 2910 quid
237 2831 339 2892 iaciant
350 2843 379 2892 et
391 2851 444 2911 qua
457 2833 492 2893 de
506 2852 589 2893 causa
601 2853 721 2912 cumque
732 2832 871 2899 ferentum

128 2935 165 2976 ne
176 2916 303 2994 trepides
316 2916 388 2977 caeli
399 2918 495 2978 divisis
506 2920 632 2995 partibus
644 2936 755 2994 amens,

127 2999 201 3059 unde
213 2999 312 3060 volans
323 3003 396 3078 ignis
408 3004 572 3080 pervenerit
586 3003 670 3060 autin
682 3011 771 3061 utram
785 3017 818 3059 sc

127 3086 244 3144 verterit
258 3085 323 3144 hinc
334 3087 451 3163 partim,
467 3103 523 3163 quo
534 3094 620 3163 pacto
631 3102 684 3163 per
694 3085 759 3145 loca
771 3090 853 3160 septa

127 3169 286 3244 insinuarit,
300 3177 329 3227 et
340 3169 405 3226 hinc
417 3167 572 3228 dominatus
585 3177 615 3226 ut
627 3166 761 3228 extulerit
774 3184 816 3228 se.
832 3162 845 3248 ΙΙ

77 3256 111 3310 90
126 3266 243 3327 qnorum
255 3267 372 3329 operum
385 3269 485 3311 causas
499 3251 575 3310 nulla
586 3252 693 3311 ratione
708 3250 807 3311 videre

127 3342 247 3412 possunt
258 3352 293 3394 ac
303 3336 365 3395 lieri
376 3334 469 3394 divino
480 3337 591 3394 numine
601 3344 708 3394 rentur.

128 3428 157 3476 tn
172 3416 238 3475 mihi
249 3436 397 3496 supremae
409 3421 587 3497 praescripta
596 3418 631 3477 ad
644 3416 759 3478 candida
775 3418 864 3478 calcis
