2288 3886
535 180 576 241 lll
1015 185 1056 249 81

134 361 171 413 ut
185 351 284 428 cibus,
301 351 330 410 in
344 350 470 410 membra
481 360 565 429 atque
579 360 656 412 artus
669 370 732 411 cum
744 351 846 414 diditur
858 353 967 433 omnis,

138 435 262 514 disperit
273 443 360 514 atque
370 434 453 494 aliam
466 443 591 495 naturam
603 435 706 496 suificit
718 455 755 495 ex
767 456 815 515 se,

137 521 184 581 sic
196 521 285 580 anima
299 527 385 598 atque
397 519 504 580 animus
516 521 641 597 quamvis
652 520 762 598 integra
775 538 880 583 reeens
890 523 923 584 io

139 619 248 681 corpus
260 611 345 680 eunt,
357 611 451 663 tamen
462 604 490 662 in
502 602 638 663 manando
651 602 858 684 dissoluuntur,

56 699 122 755 705
139 687 207 747 dum
219 687 299 766 quasi
311 703 365 765 per
375 683 471 747 caulas
484 688 573 747 omnis
586 686 717 748 diduntur
728 689 755 746 in
766 699 844 750 artus

139 770 298 852 particulae
309 770 411 850 quibus
425 769 497 830 baec
511 771 593 830 animi
604 781 700 831 natura
711 782 839 851 creatur,

142 872 215 935 quae
226 872 300 915 nuuc
314 855 451 914 innostro
464 853 620 915 dominatur
631 873 753 934 corpore
765 866 828 918 nata

142 959 181 1000 en
191 937 238 1000 illa
253 947 396 1018 quactum
411 940 494 1016 periit
505 939 605 1016 partita
618 955 671 1017 per
681 950 767 1000 artus.

141 1030 316 1102 quapropter
327 1039 423 1100 neque
434 1020 518 1083 natali
530 1023 638 1100 privata
651 1022 765 1084 videtur

62 1119 128 1174 710
144 1125 212 1169 esse
224 1107 270 1167 die
282 1115 379 1167 natura
393 1106 500 1166 animae
512 1124 566 1166 uec
583 1106 690 1167 funeris
701 1125 816 1186 expers.

184 1192 297 1251 Semina
309 1199 457 1269 praeterea
469 1190 645 1269 linquontur,
658 1210 767 1270 necne,
778 1194 877 1254 animai

142 1292 266 1354 corpore
277 1276 306 1334 in
317 1270 467 1334 exanimo?
479 1273 590 1354 quodsi
603 1273 745 1336 lincuntur
755 1285 785 1337 et
795 1278 903 1355 insunt,

141 1359 209 1420 baut
221 1360 275 1419 erit
284 1368 315 1419 ut
327 1358 428 1418 merito
440 1357 596 1421 inmortalis
607 1361 699 1436 possit
710 1358 827 1440 baberi,

141 1443 269 1522 partibus
280 1442 391 1502 amissis
404 1443 534 1521 quoniam
542 1439 627 1503 libata
636 1446 775 1505 recessit:

68 1539 129 1593 115
143 1530 187 1589 sin
197 1529 236 1587 ita
247 1526 366 1587 sinceris
377 1526 512 1586 membris
523 1526 615 1587 ablata
627 1528 770 1606 profugit,

141 1622 172 1673 ut
184 1608 276 1670 nullas
289 1610 375 1687 partis
386 1610 414 1668 in
429 1627 552 1689 corpore
563 1611 676 1689 liquerit
691 1630 728 1672 ex
740 1632 790 1691 se,

140 1695 215 1756 unde
228 1693 364 1753 caderem
379 1696 505 1753 rancenti
515 1696 570 1754 iam
582 1697 696 1755 viscere
710 1715 823 1758 vermes

140 1781 287 1858 expirant,
300 1786 385 1854 atque
396 1777 471 1837 unde
483 1778 651 1837 animantum
663 1781 746 1857 copia
756 1789 832 1839 tanta

140 1881 213 1924 exos
224 1870 254 1923 et
267 1861 404 1938 exanguis
416 1860 537 1922 tumidos
548 1860 716 1939 perfluctuat
728 1859 825 1922 artus?

72 1958 129 2014 720
141 1946 218 2027 quod
232 1945 256 2005 si
267 1944 342 2005 iorte
355 1947 462 2005 animas
474 1945 653 2005 extrinsecus
664 1946 795 2005 insinuari

140 2030 285 2091 vermibus
297 2037 326 2090 et
337 2031 432 2108 privas
443 2031 471 2089 in
484 2046 605 2109 corpora
617 2046 704 2108 posse
714 2033 813 2091 venire

142 2113 253 2190 credis,
265 2130 322 2172 neo
333 2123 450 2191 reputas
463 2132 513 2174 cur
525 2113 600 2174 milia
611 2115 697 2176 multa
707 2116 858 2177 animarum

141 2198 309 2262 conveniant
321 2196 395 2258 unde
411 2216 464 2259 una
476 2200 649 2276 recesserit,
660 2198 717 2258 hoc
729 2209 822 2261 tamen
836 2209 881 2262 est
894 2212 923 2262 ut

142 2282 334 2366 quaerendum
343 2281 471 2342 videatur
482 2291 511 2342 et
524 2283 552 2340 in
567 2281 718 2341 discrimen
728 2283 886 2360 agendum,

72 2381 129 2437 ἠδ
144 2381 237 2432 utrum
251 2366 364 2430 tandem
375 2367 482 2426 animae
493 2374 633 2426 venentur
646 2366 751 2425 semina
764 2384 893 2444 quaeque

141 2450 362 2515 vermiculorum
374 2452 512 2530 ipsaeque
524 2450 578 2509 sibi
592 2448 767 2509 fabricentur
780 2449 828 2509 ubl
844 2450 914 2527 sint,

142 2557 178 2600 an
189 2537 269 2616 quasi
281 2535 449 2614 corporibus
460 2533 599 2614 perlectis
611 2534 793 2593 insinuentur.

141 2632 169 2683 at
181 2638 275 2700 neque
288 2637 339 2679 cur
350 2618 454 2680 iaciant
468 2621 548 2697 ipsae
563 2635 686 2695 quareve
699 2615 828 2679 laborent

143 2706 240 2766 dicere
252 2702 424 2783 suppeditat.
443 2721 538 2782 neque
552 2704 643 2780 enim,
657 2703 718 2763 sine
730 2720 853 2783 corpore
867 2723 930 2764 cum
946 2714 1027 2783 sunt,

75 2797 131 2854 730
143 2789 284 2851 sollicitae
295 2786 413 2848 volitant
425 2788 531 2847 morbis
542 2785 665 2865 alguque
677 2787 824 2867 fameque:

144 2891 250 2953 corpus
265 2872 340 2932 enim
355 2871 445 2947 magis
455 2870 500 2931 bis
513 2873 590 2930 vitiis
601 2870 693 2930 adfine
704 2870 829 2949 laborat,

144 2967 173 3018 et
186 2954 258 3017 mala
268 2954 354 3016 multa
367 2957 475 3016 animus
488 2954 648 3032 contagibu’
659 2953 784 3032 fungitur
795 2959 864 3016 eius.

144 3040 196 3102 sed
207 3050 301 3102 tumen
311 3038 356 3099 bis
368 3046 432 3098 esto
444 3039 570 3117 quamvis
582 3038 677 3097 lacere
689 3037 757 3098 utile
770 3056 875 3119 corpus

145 3126 190 3184 cui
205 3123 338 3186 subeant:
350 3131 379 3184 at
390 3140 445 3200 qua
457 3124 566 3201 possint
580 3123 624 3179 via
637 3119 714 3181 nulla
724 3123 842 3183 videtur.

78 3217 131 3274 735
144 3209 212 3269 baut
222 3209 308 3286 igitur
320 3206 426 3266 iaciunt
437 3209 545 3266 animae
559 3205 614 3265 sibi
625 3222 746 3283 corpora
757 3215 787 3266 et
797 3216 884 3267 artus.

144 3310 200 3353 nec
209 3300 305 3353 tamen
317 3299 362 3351 est
374 3290 488 3368 quidum
499 3289 638 3368 perlectis
649 3289 825 3350 insinuentur

146 3375 329 3455 corporibus:
344 3392 438 3452 neque
450 3375 524 3434 enim
536 3381 668 3451 poterunt
684 3371 824 3452 suptiliter
835 3394 900 3436 esse

146 3477 291 3538 conexae,
302 3476 397 3537 neque
411 3475 569 3519 consensus
581 3451 711 3534 contagh
723 3457 797 3518 flent.

100 3550 250 3604 Lucasrrus
886 3542 907 3604 6
