2288 3886
522 166 560 227 lV

61 347 118 404 730
131 335 291 398 Centauros
303 336 398 414 itaque
411 344 440 395 et
454 332 614 409 Scyllarum
626 336 751 396 membra
761 336 907 414 videmus,

131 419 352 499 Cerbereasque
366 437 465 479 canum
476 419 583 497 iacies,
595 419 802 500 simulacraque
816 439 914 481 eorum

131 523 252 586 quorum
262 513 354 563 morte
366 504 443 564 obita
456 501 544 564 tellus
558 503 738 583 amplectitur
751 522 832 574 ossa;

132 608 216 651 omne
231 606 324 667 genus
338 589 468 666 quoniam
480 589 586 666 passim
597 588 746 649 simulacra
756 589 901 668 feruntur,

130 675 232 755 partim
243 681 347 752 sponte
358 689 408 732 sua
423 688 496 750 quae
508 672 576 732 liunt
588 679 655 732 aere
670 674 792 751 inipso,

64 769 120 825 735
132 760 234 839 partim
246 773 319 836 quae
329 757 415 816 uariis
426 754 461 815 ab
473 755 560 816 rebus
573 774 693 835 cumque
705 757 843 817 recedunt

31 855 39 869 ·
132 851 246 921 etquae
259 839 746 917 confiuntexhorumfactaliguris.

132 944 196 987 nam
210 934 291 986 certe
303 943 340 985 ex
350 927 416 985 vivo
429 922 562 985 Centauri
575 943 631 985 non
643 926 673 985 fit
684 927 795 1002 imago,

132 1009 209 1071 nulla
220 1009 272 1070 fuit
283 1011 416 1088 quoniam
429 1007 493 1070 talis
505 1018 602 1068 natura
615 1008 755 1068 animalis:

132 1113 232 1156 verum
243 1094 291 1154 ubi
303 1095 369 1172 equi
383 1111 451 1153 casu
461 1102 546 1171 atque
558 1093 678 1153 hominis
690 1096 829 1154 convenit·
838 1095 947 1174 imago,

64 1189 121 1246 tao
132 1179 278 1241 haerescit
290 1176 375 1238 iaoile
390 1176 550 1256 extemplo,
564 1177 640 1256 quod
652 1176 771 1237 diximus
785 1188 866 1255 ante,

133 1272 254 1344 propter
264 1262 398 1324 subtilem
411 1271 535 1321 naturam
549 1272 579 1322 et
592 1263 687 1323 tenuia
697 1270 783 1322 texta.

135 1357 234 1409 cetera
248 1346 284 1406 de
299 1364 409 1424 genere
420 1346 477 1406 hoc
489 1346 589 1406 eadem
599 1348 707 1407 ratione
720 1356 859 1407 creantur.

135 1451 209 1513 quae
221 1449 287 1493 oum
297 1430 441 1490 mobiliter
452 1447 558 1490 summa
569 1429 685 1491 levitate
698 1431 842 1510 feruntur,

133 1525 166 1577 ut
178 1518 256 1596 prius
268 1514 397 1592 ostendi,
410 1513 495 1575 lacile
509 1531 565 1574 uno
578 1524 737 1576 commovet
748 1518 807 1577 ictu

67 1612 122 1668 745
134 1601 280 1682 quaelibet
292 1617 346 1659 una
357 1600 476 1658 animum
486 1599 568 1659 uobis
581 1599 692 1662 subtilis
706 1602 814 1679 imago:

135 1688 229 1747 tenvis
243 1686 317 1745 enim
327 1702 408 1744 mens
420 1693 465 1744 est
477 1693 506 1744 et
517 1685 586 1743 mire
598 1683 710 1744 mobilis
723 1686 794 1765 ipsa.

178 1769 257 1830 llaeo
271 1770 332 1829 lieri
343 1777 373 1828 ut
384 1784 528 1844 memoro,
539 1767 624 1828 facile
636 1768 702 1827 lriuc
716 1785 895 1846 cognoscere
910 1774 1015 1849 possis.

136 1864 277 1935 quatenos
289 1852 345 1913 hoe
357 1852 450 1913 simile
462 1860 508 1912 est
519 1850 578 1928 illi,
592 1851 668 1930 quod
678 1862 773 1911 mente
785 1851 913 1912 videmus

136 1949 222 2019 atque
233 1937 342 2016 oculis,
355 1935 438 1999 simili
450 1936 511 1995 iieri
524 1936 633 1995 ratione
644 1953 767 1996 necesse
782 1946 836 1997 est.

71 2032 127 2089 750
139 2042 213 2083 nuno
224 2023 311 2100 igitur
321 2023 452 2100 quoniam
464 2020 548 2081 docui
558 2038 604 2080 me
618 2020 691 2080 forte
704 2018 817 2081 leonem
994 2074 998 2082 .

139 2124 259 2169 cernere
274 2124 328 2185 per
338 2104 503 2182 simulacra,
516 2103 618 2167 oculos
630 2123 826 2186 quaecumque
839 2104 1000 2187 lacessunt,

139 2194 214 2254 scire
227 2189 297 2251 licet
307 2199 431 2250 mentem
442 2189 524 2250 simili
535 2191 642 2250 ratione
655 2193 779 2269 moveri,

139 2295 192 2356 per
203 2273 352 2336 simulacra
366 2274 479 2335 leonem
491 2283 521 2334 et
534 2283 631 2334 cetera
643 2293 715 2353 quae
727 2276 804 2335 videt
816 2293 908 2354 aeque

140 2380 196 2421 neo
208 2361 298 2420 minus
311 2369 397 2437 atque
410 2357 503 2436 oculi,
515 2359 570 2418 nisi
582 2356 658 2436 quod
670 2372 753 2435 mage
765 2359 859 2418 tenvia
872 2361 971 2419 cernit.

74 2454 128 2510 755
139 2463 195 2506 nee
205 2445 315 2504 ratione
329 2443 400 2521 alia,
413 2460 477 2503 cum
489 2460 604 2503 somnus
614 2440 740 2502 membra
750 2440 891 2521 proludit,

139 2547 220 2589 mens
232 2529 314 2588 animi
325 2527 441 2605 vigilat,
455 2528 509 2587 nisi
522 2525 598 2605 quod
610 2524 759 2586 simulacra
770 2526 916 2585 lacessunt

140 2613 212 2674 haec
225 2611 325 2672 eadem
335 2623 450 2673 nostros
463 2613 570 2671 animos
585 2628 658 2690 quae
671 2628 735 2671 cum
745 2609 910 2687 vigilamus,

141 2715 233 2775 usque
248 2695 338 2773 adeo,
352 2706 473 2757 certent
485 2696 837 2756 uideamurcemereeum
851 2713 936 2774 quem

141 2779 255 2841 rellicta
266 2781 323 2841 vita
334 2782 387 2840 iam
398 2798 474 2840 mors
486 2790 515 2840 et
526 2789 601 2840 terra
612 2783 737 2859 potitust.

75 2873 130 2929 760
143 2865 199 2925 hoc
209 2864 276 2924 ideo
288 2866 348 2926 lieri
363 2867 441 2943 cogit
452 2865 566 2942 natura,
580 2864 656 2944 qued
669 2881 772 2925 omines

143 2949 274 3028 eorporis
287 2949 384 3011 offecti
398 2968 501 3010 sensus
513 2967 566 3028 per
576 2949 702 3010 membra
714 2949 864 3028 quiescunt

142 3052 197 3094 nec
209 3043 330 3112 possunt
343 3032 446 3093 falsum
456 3035 532 3094 reris
546 3034 718 3093 convincere
728 3032 826 3091 rebus.

142 3126 293 3197 praeterea
304 3120 467 3179 meminisse
477 3120 552 3177 iacet
566 3115 738 3195 languetque
755 3132 880 3193 sopore,

144 3220 199 3263 neo
212 3202 343 3263 dissentit
355 3219 419 3262 curn
430 3204 528 3262 mortis
539 3199 648 3280 letique
663 3202 784 3280 potitum

81 3291 133 3348 766
144 3285 335 3366 iampridem,
352 3304 437 3366 quem
447 3304 526 3346 mens
538 3286 633 3344 vivom
644 3303 677 3345 se
690 3301 810 3344 cernere
823 3282 923 3344 credit.

145 3370 222 3449 quod
234 3379 385 3450 superest,
397 3388 454 3431 non
465 3379 511 3430 est
521 3372 620 3429 mirum
631 3366 780 3429 simulacra
791 3369 899 3427 moveri

145 3454 336 3533 bracchiaque
347 3455 375 3514 in
387 3472 532 3516 numerum
542 3456 647 3515 iactare
659 3462 688 3514 et
701 3461 797 3513 cetera
808 3451 941 3512 membra.
