2288 3886
106 163 159 243 m
597 163 638 223 ιιι

135 345 188 398 455
200 334 330 395 diffluere
344 349 470 391 umorem
485 341 514 390 et
528 330 643 392 laticem
655 332 808 393 discedere
821 333 932 410 cernis,

201 428 231 480 et
244 415 348 478 nebula
358 435 392 476 ac
404 415 496 475 fumus
513 417 644 494 quoniam
659 416 781 477 discedit
794 419 822 476 in
835 435 934 495 auras,

202 503 289 564 crede
303 503 420 562 animam
432 519 547 578 quoque
560 499 675 560 diffundi
689 499 836 579 multoque
848 503 942 581 perire

201 589 282 648 ocius
299 595 327 645 et
341 587 423 645 citius
436 584 555 645 dissolvi
568 586 595 643 in
608 601 729 663 corpora
740 588 846 663 prima,

199 689 266 733 cum
277 669 368 731 semel
384 688 421 729 ex
432 669 551 729 hominis
567 669 700 729 membris
711 667 804 729 ablata
814 672 952 731 recessit:

136 767 190 819 440
203 757 310 834 quippe
322 755 427 814 etenim
443 770 564 833 corpus,
578 753 654 832 quod
666 771 715 813 vas
728 756 808 831 quasi
820 756 946 815 constitit
957 757 1040 835 eius,

202 858 285 919 quam
298 838 433 898 cohibere
449 840 547 916 nequit
559 847 779 916 conquassatum
794 837 935 917 exaliqua
946 858 978 899 re

201 943 235 986 nc
246 923 417 985 rarefactum
428 922 557 982 detracto
568 924 705 1000 sanguine
717 924 817 1000 venis,

201 1015 270 1070 ae‘re
283 1010 330 1087 qui
342 1005 443 1068 eredas
455 1024 545 1086 posse
559 1007 631 1067 hanc
645 1007 808 1067 cohiberier
820 1006 898 1085 ullo,

204 1110 327 1171 corpore
339 1093 387 1170 qui
401 1101 499 1152 nostro
512 1110 591 1151 rarus
605 1093 694 1168 magis
707 1109 798 1170 usque
814 1089 971 1170 liquescit?

136 1189 188 1242 445
245 1177 396 1237 Praeterea
410 1177 489 1254 gigni
504 1178 611 1255 pariter
625 1193 688 1235 eum
704 1192 828 1255 corpore
841 1186 870 1237 et
882 1194 936 1236 una

203 1280 339 1323 crescere
353 1262 490 1321 sentimus
506 1263 668 1339 pariterque
682 1278 838 1321 senescere
850 1270 983 1321 mentem.
1032 1328 1035 1332 ,

202 1365 264 1407 nam
281 1343 361 1405 velut
372 1344 480 1404 inlirmo
495 1347 577 1423 pueri
589 1353 748 1423 teneroque
764 1355 900 1423 vagantur

202 1448 342 1509 corpore,
356 1430 399 1489 sie
410 1430 492 1487 animi
503 1431 634 1507 sequitur
644 1431 784 1490 sententia
799 1433 906 1490 tenvis:

202 1515 267 1575 inde
282 1513 329 1574 ubi
341 1513 466 1572 robustis
478 1513 602 1573 adolevit
617 1513 723 1575 viribus
735 1525 831 1593 aetus,

139 1610 190 1662 450
201 1598 349 1659 eonsilium
365 1614 479 1674 quoque
491 1599 578 1657 maius
595 1607 624 1658 et
635 1601 746 1659 auctior
757 1607 801 1659 est
815 1601 898 1660 animi
909 1602 967 1662 vis:

202 1693 268 1763 post
279 1683 326 1742 ubi
342 1683 395 1740 iam
406 1680 506 1742 validis
519 1691 681 1759 quassatum
696 1691 742 1743 est
755 1685 862 1745 viribus
872 1687 936 1745 aevi

204 1784 309 1847 corpus
322 1777 351 1826 et
363 1767 474 1827 obtusis
487 1766 652 1827 ceciderunt
664 1768 770 1827 viribus
785 1778 878 1845 artus,

203 1852 341 1913 claudicat
354 1853 515 1929 ingenium,
528 1850 629 1911 delirat
641 1850 752 1929 lingua,
766 1852 852 1913 labat
865 1870 962 1931 mens,

201 1939 292 1997 omnia
304 1935 439 1996 deliciunt
449 1945 535 2013 atque
551 1954 606 1995 uno
619 1946 749 2015 tempore
763 1936 874 1997 desunt.

95 2048 98 2053 ·
136 2031 187 2083 455
203 2038 274 2099 ergo
290 2019 409 2080 dissolui
422 2037 537 2097 quoque
553 2021 686 2080 convenit
699 2037 810 2079 omnem
819 2024 918 2081 animai

200 2114 341 2180 naturam,
361 2121 414 2162 ceu
426 2105 536 2180 furnus,
553 2105 580 2162 in
593 2102 664 2163 altas
677 2105 752 2164 aeris
764 2122 861 2174 auras;

202 2186 428 2266 quandoquidem
440 2188 518 2264 gigni
534 2189 639 2264 pariter
650 2191 812 2267 pariterque
828 2189 954 2253 videmus

202 2291 337 2332 crescere
350 2281 396 2349 et,
409 2281 441 2331 ut
453 2271 554 2349 docui,
568 2271 649 2332 simul
664 2290 736 2332 aevo
747 2273 825 2334 fessa
837 2274 939 2336 fatisci.

244 2356 305 2417 Huc
319 2356 432 2417 aceedit
444 2357 483 2416 uti
495 2355 657 2435 videamus,
675 2376 781 2437 corpus
797 2366 826 2417 ut
838 2361 929 2437 ipsum

137 2451 189 2506 460
200 2444 351 2520 suscipere
366 2443 483 2502 inmanis
494 2441 610 2501 morbos
622 2442 780 2521 durumque
790 2442 937 2520 dolorem,

201 2529 244 2589 sic
256 2529 376 2587 animum
391 2544 473 2585 curas
491 2528 565 2585 acris
581 2524 746 2605 luctumque
758 2536 937 2606 metumque;

201 2630 288 2689 quare
302 2612 468 2688 participem
479 2608 529 2669 leti
542 2621 656 2687 quoque
669 2614 802 2670 convenit
814 2631 890 2673 esse.

121 2751 126 2757 .
200 2696 362 2772 quinetiam
376 2693 482 2751 morbis
497 2694 525 2751 in
538 2696 667 2771 corporis
678 2697 758 2756 avius
774 2705 848 2757 errat

201 2797 289 2857 saepe
300 2779 422 2840 animus:
438 2774 573 2836 dementit
586 2779 659 2836 enim
672 2777 818 2858 deliraque
830 2780 919 2858 latur,

136 2873 188 2926 455
203 2863 400 2939 interdumque
411 2863 490 2937 gravi
503 2860 633 2939 lethargo
646 2861 736 2923 lentur
747 2865 774 2922 in
786 2863 872 2924 altum

198 2957 402 3023 aeternumque
418 2961 551 3024 soporem
565 2946 656 3007 oculis
669 2956 795 3026 nutuque
811 2948 936 3017 cadenti;

199 3030 273 3090 unde
287 3048 383 3108 neque
395 3030 508 3090 exaudit
519 3047 608 3092 voees
623 3050 679 3091 nec
690 3050 814 3094 noscere
826 3031 919 3094 voltus

199 3114 312 3174 illorum
324 3117 399 3194 potis
412 3125 474 3190 est,
486 3115 521 3174 ad
532 3117 617 3176 vitam
628 3118 676 3194 qui
688 3125 859 3178 revocantes

199 3200 305 3259 circum
315 3207 389 3260 stant
402 3198 524 3260 lacrimis
535 3211 663 3261 rorantes
677 3218 727 3261 ora
737 3219 895 3280 genasque.

134 3290 186 3345 470
198 3301 284 3362 quare
298 3287 418 3345 animum
430 3301 544 3364 quoque
557 3282 675 3345 dissolui
696 3286 805 3347 fateare
816 3300 984 3368 necessest,

197 3368 424 3448 quandoquidem
436 3371 625 3447 penetrantia
637 3387 701 3428 eum
715 3373 844 3450 contagia
854 3371 962 3433 morbi:
981 3382 984 3393 ·

198 3471 260 3513 nam
276 3452 358 3514 dolor
371 3472 406 3514 ae
418 3453 533 3514 morbus
545 3453 596 3514 leti
608 3453 763 3516 fabricator
777 3462 939 3536 uterquest;
