2288 3886
629 109 670 171 lll

165 288 210 341 :45
226 278 390 338 sensiferos
401 286 495 337 motus
508 295 580 357 quae
593 278 662 338 didit
674 281 762 357 prima
774 298 827 358 per
842 290 928 342 amus.

223 364 318 441 prima
330 363 422 422 cietur
436 363 527 439 enim,
540 364 635 440 parvis
648 362 778 441 perfecta
791 365 902 441 liguris:

224 447 294 506 inde
307 445 387 507 calor
398 455 492 506 motus
505 455 535 506 et
545 448 623 506 venti
636 464 723 507 caeca
736 458 864 525 potestas

225 532 350 611 accipit,
362 531 428 591 inde
439 537 503 589 abr:
516 530 581 590 inde
592 533 684 590 omnia
695 530 902 610 nobilitantur,

227 616 390 676 concutitur
400 616 516 691 sanguis
527 661 535 692 ,
547 624 606 674 tum
618 617 731 675 viscera
742 619 954 694 persentiscunt

153 711 212 763 250
225 700 334 777 omnia,
347 701 501 778 postremis
514 697 595 758 detur
608 699 723 759 ossibus
736 708 821 777 atque
833 701 965 762 medullis

227 785 291 845 sire
300 782 434 862 voluptas
447 793 492 844 est
505 785 567 843 sive
583 794 628 844 est
640 785 796 844 contrarius
808 785 899 844 ardor.

225 887 283 929 nec
294 878 403 929 temere
414 868 471 927 buc
483 866 566 927 dolor
577 886 669 945 usque
685 876 781 946 potest
793 879 943 946 penetrare
963 890 1057 950 neque
1077 892 1136 936 aer

226 970 392 1031 permanare
404 950 522 1029 malrum,
537 954 603 1029 quin
615 954 706 1012 omnia
720 953 921 1030 perturbentur

226 1036 403 1114 usqueadeo
417 1044 450 1097 ut
460 1037 536 1095 vitae
549 1036 623 1097 desit
636 1035 718 1096 locus
730 1046 815 1114 atque
831 1039 929 1096 animai

155 1130 213 1185 255
229 1120 377 1198 diffugiant
388 1130 485 1200 partes
498 1138 552 1198 per
563 1120 659 1181 caulas
675 1121 805 1199 corporis
821 1123 921 1181 omnis.

227 1204 280 1267 sed
292 1205 462 1284 plerumque
475 1206 505 1265 lit
516 1206 544 1264 in
556 1223 665 1265 summo
677 1207 759 1282 quasi
769 1223 892 1284 corpore
905 1206 967 1266 linis

227 1290 369 1350 motibus:
381 1288 455 1350 banc
466 1290 503 1349 ob
516 1307 577 1349 rem
589 1291 674 1350 vitam
686 1291 811 1350 retinere
823 1289 960 1350 valemus.

268 1371 352 1433 Nunc
365 1391 399 1433 ea
411 1389 468 1452 qno
480 1383 566 1452 pacto
579 1375 652 1434 inter
666 1393 733 1435 sese
744 1376 830 1434 mixta
842 1375 1003 1454 quibusque

228 1468 342 1536 compta
351 1456 443 1518 modis
454 1459 569 1536 vigeant
580 1461 716 1519 rationem
727 1458 848 1519 reddere
861 1471 991 1521 aventem

156 1553 216 1608 260
228 1541 367 1604 abstrahit
378 1543 494 1602 invitum
506 1544 588 1621 patrii
601 1545 740 1603 sermonis
754 1553 885 1621 egestas:

228 1625 282 1687 sed
293 1636 403 1703 tamen,
418 1637 449 1687 ut
460 1637 563 1706 potero
575 1630 730 1687 summatim
741 1631 899 1705 attingere,
912 1639 1032 1707 tongam.

226 1714 301 1771 inter
313 1712 387 1770 enim
402 1720 515 1771 cursant
531 1710 681 1789 primordia
694 1713 895 1790 principiorum

224 1794 350 1855 motibus
360 1796 434 1855 inter
445 1813 493 1872 se,
505 1792 544 1853 nil
556 1803 586 1852 ut
598 1795 745 1853 secernier
756 1812 839 1852 unum

226 1881 320 1959 possit
334 1896 390 1939 nec
402 1881 495 1958 spatio
507 1880 568 1937 lieri
581 1876 669 1936 divisa
680 1886 827 1955 potestas,

155 1974 213 2028 265
224 1963 278 2025 sed
289 1963 370 2042 quasi
385 1961 488 2023 multae
500 1964 543 2022 uis
556 1963 637 2021 unius
651 1963 780 2040 corporis
792 1971 897 2022 extant.

227 2046 306 2127 quod
316 2065 409 2124 genus
420 2048 448 2105 in
460 2049 562 2124 quovis
574 2048 741 2106 animantum
751 2048 865 2107 viscere
877 2046 965 2125 volgo

227 2141 274 2192 est
286 2130 398 2192 odoret
412 2130 523 2209 quidam
535 2130 614 2191 calor
625 2139 655 2190 et
667 2148 768 2209 sapor,
784 2140 917 2191 ettamen
929 2133 1021 2194 erbis

227 2215 358 2276 omnibus
370 2225 416 2276 eet
427 2234 511 2274 unum
522 2215 682 2293 perlectum
694 2218 824 2293 corporis
836 2233 965 2292 augmen.

227 2301 271 2361 sie
283 2297 364 2359 calor
379 2308 465 2375 atque
480 2306 530 2359 adr
544 2309 574 2360 et
585 2300 662 2358 venti
675 2316 762 2358 caeca
774 2306 904 2376 potestas

154 2391 213 2449 270
227 2385 314 2444 mixta
325 2391 423 2443 creant
437 2400 517 2443 unam
528 2393 669 2458 naturam,
682 2391 710 2441 et
722 2379 835 2441 mobilis
847 2379 894 2438 illa

228 2469 289 2545 ris,
302 2469 401 2527 initum
411 2476 504 2526 motus
516 2466 551 2527 ab
564 2486 597 2527 se
609 2484 682 2544 quae
695 2463 792 2525 dividit
804 2463 887 2541 ollis,

228 2551 352 2613 sensifer
364 2549 438 2610 unde
450 2552 538 2612 oritur
551 2552 670 2630 primum
682 2553 858 2629 perviscera
869 2559 970 2610 motus.

227 2653 291 2696 nam
303 2636 417 2715 penitus
429 2653 559 2714 prorsum
573 2634 642 2694 latet
657 2634 729 2696 haec
744 2645 841 2696 natura
855 2635 1030 2715 subestque,

229 2738 284 2780 nec
295 2721 385 2797 magis
395 2717 449 2780 bac
461 2719 532 2779 inire
545 2721 695 2798 quicquam
705 2729 750 2780 est
762 2722 789 2779 in
804 2737 926 2798 corpore
942 2729 1059 2797 nostro,

160 2810 216 2867 ato
226 2813 311 2883 atque
326 2804 414 2863 anima
425 2813 470 2863 est
481 2804 587 2863 animae
603 2821 743 2882 propomo
754 2805 841 2864 totius
855 2806 925 2883 ipse.

229 2887 306 2968 quod
320 2905 412 2965 genus
426 2889 454 2946 in
466 2889 570 2947 nostris
586 2888 719 2947 membris
732 2898 761 2947 et
776 2905 899 2966 corpore
914 2897 976 2949 toto

229 2974 315 3032 mixta
325 2971 416 3032 latens
426 2973 510 3031 animi
521 2974 565 3031 vis
580 2981 625 3032 est
638 2973 803 3049 animaeque
815 2981 962 3050 potestas,

230 3056 399 3135 corporibus
411 3057 476 3133 qula
491 3055 526 3116 de
539 3058 633 3134 parvis
648 3056 804 3134 paucisque
817 3065 947 3115 creatast.

229 3140 272 3201 sic
282 3139 333 3200 tibi
347 3142 466 3201 numinis
478 3140 550 3201 baec
561 3159 667 3219 expers
682 3141 742 3216 vis,
756 3139 829 3199 iacta
840 3141 952 3200 minutis

161 3230 219 3287 ²8⁰
229 3224 416 3304 corporibus,
431 3223 500 3285 latet
510 3234 596 3303 atque
607 3226 714 3284 animae
727 3225 807 3301 qnasi
818 3225 905 3282 totius
916 3224 979 3302 ipsa

230 3317 398 3387 proporrost
411 3310 500 3370 anima
511 3319 540 3370 et
552 3310 708 3368 dominatur
718 3325 841 3386 corpore
852 3315 923 3366 toto.

230 3390 369 3455 consimili
383 3392 491 3452 ratione
505 3401 660 3455 necessest
669 3403 772 3452 ventus
784 3401 813 3451 et
826 3397 876 3450 aer
