2288 3886
116 163 159 228 oa
595 130 637 221 m

201 339 230 391 et
242 347 307 390 cum
319 339 448 407 tempora
461 328 638 406 temporibus
650 330 812 408 praesentia
828 330 940 392 confert

201 414 380 493 praeteritis,
393 411 487 471 laudat
502 412 630 472 fortunas
643 431 732 491 saepe
745 415 881 491 parentis.

200 498 289 559 tristis
301 499 369 557 item
379 494 494 557 vetulae
505 498 571 557 vitis
584 506 662 557 sator
675 505 761 575 atque
773 499 867 558 vietae

199 583 337 661 temporis
348 581 459 641 incusat
474 598 603 658 momen,
620 580 789 659 caelumque
801 581 917 660 fatigat,
1008 578 1011 586 '

116 674 185 732 1170
199 677 227 727 et
240 674 355 744 crepat,
368 667 511 744 antiquum
523 683 614 742 genus
628 676 658 727 ut
668 667 775 743 pietate
786 665 928 744 repletum

198 748 338 829 perfacile
350 752 477 827 angustis
489 748 618 810 tolerarit
630 750 730 810 finibus
743 767 862 827 aevom,

199 853 263 895 oum
273 835 364 894 minor
377 843 457 894 essct
468 835 529 911 agri
539 833 627 894 multo
640 835 739 895 modos
757 842 822 894 ante
833 834 951 896 viritim:

197 937 253 978 nec
264 928 343 979 tenet
356 919 448 978 omnia
460 917 593 996 paulatim
605 919 758 979 tabescere
771 927 801 978 et
810 919 853 978 ire

199 1002 234 1062 ad
246 1000 393 1082 capulum,
407 1004 500 1082 spatio
512 1004 611 1063 aetatis
623 1002 739 1063 defessa
749 1011 873 1063 vetusto.

488 1225 736 1234 ——-

360 1422 397 1513 l.
434 1416 697 1512 llollll
739 1418 877 1512 oniti

193 1589 286 1703 nn
344 1586 634 1760 innon
692 1585 1036 1704 irrora

428 1774 573 1858 llllllll
595 1773 808 1860 llllll'lllS.

527 1953 706 1962 ——-.---

215 2046 229 2087 r

199 2046 229 2156 ll
241 2093 368 2153 tenebris
381 2094 465 2153 tantis
475 2103 532 2153 tarn
544 2093 649 2152 clarum
662 2093 803 2156 extollere
815 2095 910 2157 lumen

198 2179 246 2255 qui
257 2178 363 2256 primns
374 2177 492 2255 potuisti
506 2175 657 2238 inlustrans
670 2178 919 2259 commodavisse,

196 2270 226 2321 te
241 2279 364 2341 sequor,
377 2278 394 2321 o
406 2257 505 2321 Graiae
521 2263 616 2338 gentis
629 2261 736 2341 decus,
749 2264 834 2341 inque
846 2267 902 2325 tuis
913 2283 988 2325 nunc

197 2346 262 2406 licta
274 2345 379 2424 pedum
390 2363 467 2424 pono
480 2347 590 2425 pressis
602 2349 725 2425 vestigia
736 2349 841 2425 signis,

169 2439 185 2491 5
200 2433 306 2491 nonita
318 2430 444 2491 certandi
457 2430 576 2510 cupidus
589 2449 672 2510 quam
684 2441 803 2511 propter
814 2450 938 2492 amorem

196 2514 273 2595 quod
284 2525 314 2575 te
325 2516 425 2575 imitari
437 2532 525 2575 aveo:
538 2515 605 2593 quid
617 2517 691 2575 enim
704 2516 855 2577 contendat
866 2516 985 2577 hirundo

197 2601 315 2674 cycnis,
328 2608 376 2659 aut
387 2597 454 2676 quid
468 2617 531 2657 nam
542 2597 670 2659 tremulis
681 2599 780 2660 lacere
794 2601 910 2661 artubus
922 2600 1005 2662 hasdi

196 2681 344 2743 consimile
356 2685 384 2741 in
397 2698 482 2741 cursu
494 2682 605 2758 possint
617 2691 646 2741 et
657 2683 738 2744 lortis
752 2683 895 2763 equinis?

196 2774 243 2843 tu,
256 2775 353 2845 pater,
368 2783 400 2824 es
412 2783 506 2824 rerum
517 2766 666 2844 inventor,
681 2778 711 2829 tu
721 2770 809 2847 patria
821 2769 904 2829 nobis

150 2861 185 2913 10
196 2848 362 2928 suppeditas
374 2858 546 2928 praecepta,
560 2851 673 2928 tuisque
686 2871 738 2929 ex,
751 2852 875 2931 inclute,
889 2852 1013 2931 chartis,

197 2934 329 2994 llorileris
341 2942 371 2993 ut
382 2935 492 3012 apesin
507 2933 624 2995 saltibus
640 2938 731 2996 omnia
742 2935 845 3015 libant,

197 3020 289 3079 onmia
300 3035 352 3079 nos
367 3017 464 3078 itidem
479 3020 659 3098 depascimur
668 3037 752 3081 aurea
764 3020 855 3099 dicta,

196 3121 298 3180 aurea,
309 3111 450 3182 perpetua
462 3122 578 3183 semper
590 3103 753 3181 dignissima
762 3107 830 3165 vita.

195 3205 258 3246 nam
269 3186 352 3247 simul
364 3205 398 3247 ac
409 3190 480 3248 ratio
492 3197 540 3250 tua
552 3190 649 3266 coepit
658 3187 811 3249 vociferari

148 3283 180 3335 15
191 3281 317 3331 naturam
327 3289 437 3349 rerum,
450 3271 541 3333 divina
552 3280 647 3333 mente
659 3282 772 3350 coorta,

196 3355 343 3434 diffugiunt
354 3359 436 3417 animi
447 3366 590 3435 terrores,
602 3358 715 3417 moenia
725 3357 819 3421 mundi

196 3439 362 3519 discedunt,
374 3450 463 3502 totum
477 3441 563 3502 video
574 3440 719 3520 perinane
731 3442 793 3519 geri
805 3459 861 3502 res.
