<?xml version="1.0" encoding="UTF-8"?>
<!DOCTYPE html PUBLIC "-//W3C//DTD XHTML 1.0 Transitional//EN"
    "http://www.w3.org/TR/xhtml1/DTD/xhtml1-transitional.dtd">
<html xmlns="http://www.w3.org/1999/xhtml" xml:lang="en" lang="en">
 <head>
  <title>
</title>
<meta http-equiv="Content-Type" content="text/html;charset=utf-8" />
  <meta name='ocr-system' content='tesseract 3.04.00' />
  <meta name='ocr-capabilities' content='ocr_page ocr_carea ocr_par ocr_line ocrx_word'/>
</head>
<body>
  <div class='ocr_page' id='page_1' title='image "./tlucreticarider07carugoog_0181.png"; bbox 0 0 2310 3892; ppageno 0'>
   <div class='ocr_carea' id='block_1_1' title="bbox 556 186 582 246">
    <p class='ocr_par' dir='ltr' id='par_1_1' title="bbox 556 186 582 246">
     <span class='ocr_line' id='line_1_1' title="bbox 556 186 582 246; baseline 0 0"><span class='ocrx_word' id='word_1_1' title='bbox 556 186 582 246; x_wconf 82' lang='lat' dir='ltr'><strong>v</strong></span> 
     </span>
    </p>
   </div>
   <div class='ocr_carea' id='block_1_2' title="bbox 64 352 951 3578">
    <p class='ocr_par' dir='ltr' id='par_1_2' title="bbox 64 352 951 3578">
     <span class='ocr_line' id='line_1_2' title="bbox 64 352 865 431; baseline -0.002 -14"><span class='ocrx_word' id='word_1_2' title='bbox 64 362 138 416; x_wconf 90' lang='grc'>1335</span> <span class='ocrx_word' id='word_1_3' title='bbox 154 370 209 412; x_wconf 91' lang='lat' dir='ltr'><strong>nec</strong></span> <span class='ocrx_word' id='word_1_4' title='bbox 222 360 352 431; x_wconf 89' lang='lat' dir='ltr'><strong>poterant</strong></span> <span class='ocrx_word' id='word_1_5' title='bbox 366 352 450 412; x_wconf 91' lang='lat' dir='ltr'><strong>ullam</strong></span> <span class='ocrx_word' id='word_1_6' title='bbox 462 361 570 431; x_wconf 89' lang='lat' dir='ltr'><strong>partem</strong></span> <span class='ocrx_word' id='word_1_7' title='bbox 581 353 738 414; x_wconf 82' lang='lat' dir='ltr'><strong>redducere</strong></span> <span class='ocrx_word' id='word_1_8' title='bbox 750 370 865 415; x_wconf 84' lang='lat' dir='ltr'><strong>eorum:</strong></span> 
     </span>
     <span class='ocr_line' id='line_1_3' title="bbox 157 435 868 514; baseline 0.001 -19"><span class='ocrx_word' id='word_1_9' title='bbox 157 435 322 514; x_wconf 77' lang='lat' dir='ltr'><strong>diffugiebat</strong></span> <span class='ocrx_word' id='word_1_10' title='bbox 333 439 406 496; x_wconf 88' lang='lat' dir='ltr'><strong>enim</strong></span> <span class='ocrx_word' id='word_1_11' title='bbox 417 440 523 497; x_wconf 86' lang='lat' dir='ltr'><strong>uarium</strong></span> <span class='ocrx_word' id='word_1_12' title='bbox 533 454 625 514; x_wconf 83' lang='lat' dir='ltr'><strong>genus</strong></span> <span class='ocrx_word' id='word_1_13' title='bbox 638 454 721 496; x_wconf 91' lang='lat' dir='ltr'><strong>omne</strong></span> <span class='ocrx_word' id='word_1_14' title='bbox 732 437 868 506; x_wconf 77' lang='lat' dir='ltr'><strong>ferarum:</strong></span> 
     </span>
     <span class='ocr_line' id='line_1_4' title="bbox 155 518 921 597; baseline 0.003 -18"><span class='ocrx_word' id='word_1_15' title='bbox 155 529 185 579; x_wconf 94' lang='lat' dir='ltr'><strong>ut</strong></span> <span class='ocrx_word' id='word_1_16' title='bbox 198 536 272 579; x_wconf 90' lang='lat' dir='ltr'><strong>nunc</strong></span> <span class='ocrx_word' id='word_1_17' title='bbox 284 536 374 597; x_wconf 82' lang='lat' dir='ltr'><strong>saepe</strong></span> <span class='ocrx_word' id='word_1_18' title='bbox 384 518 475 579; x_wconf 87' lang='lat' dir='ltr'><strong>boves</strong></span> <span class='ocrx_word' id='word_1_19' title='bbox 487 519 570 579; x_wconf 92' lang='lat' dir='ltr'><strong>lucae</strong></span> <span class='ocrx_word' id='word_1_20' title='bbox 582 520 659 580; x_wconf 86' lang='lat' dir='ltr'><strong>ferro</strong></span> <span class='ocrx_word' id='word_1_21' title='bbox 669 520 742 581; x_wconf 86' lang='lat' dir='ltr'><strong>male</strong></span> <span class='ocrx_word' id='word_1_22' title='bbox 752 530 862 581; x_wconf 85' lang='lat' dir='ltr'><strong>mactae</strong></span> <span class='ocrx_word' id='word_1_23' title='bbox 918 547 921 552; x_wconf 94' lang='lat'>·</span> 
     </span>
     <span class='ocr_line' id='line_1_5' title="bbox 156 602 834 681; baseline 0.007 -19"><span class='ocrx_word' id='word_1_24' title='bbox 156 602 320 681; x_wconf 80' lang='lat' dir='ltr'><strong>diffugiunt,</strong></span> <span class='ocrx_word' id='word_1_25' title='bbox 333 603 394 663; x_wconf 87' lang='lat' dir='ltr'><strong>fera</strong></span> <span class='ocrx_word' id='word_1_26' title='bbox 407 603 464 662; x_wconf 87' lang='lat' dir='ltr'><strong>fata</strong></span> <span class='ocrx_word' id='word_1_27' title='bbox 475 604 534 662; x_wconf 91' lang='lat' dir='ltr'><strong>suis</strong></span> <span class='ocrx_word' id='word_1_28' title='bbox 547 620 610 662; x_wconf 90' lang='lat' dir='ltr'><strong>cum</strong></span> <span class='ocrx_word' id='word_1_29' title='bbox 621 603 706 663; x_wconf 90' lang='lat' dir='ltr'><strong>multa</strong></span> <span class='ocrx_word' id='word_1_30' title='bbox 718 602 834 668; x_wconf 85' lang='lat' dir='ltr'><strong>dedere.</strong></span> 
     </span>
     <span class='ocr_line' id='line_1_6' title="bbox 157 685 853 763; baseline 0.001 -17"><span class='ocrx_word' id='word_1_31' title='bbox 157 689 199 746; x_wconf 84' lang='lat' dir='ltr'><strong>sic</strong></span> <span class='ocrx_word' id='word_1_32' title='bbox 214 686 266 745; x_wconf 85' lang='lat' dir='ltr'><strong>luit</strong></span> <span class='ocrx_word' id='word_1_33' title='bbox 276 693 306 744; x_wconf 90' lang='lat' dir='ltr'><strong>ut</strong></span> <span class='ocrx_word' id='word_1_34' title='bbox 317 686 455 746; x_wconf 84' lang='lat' dir='ltr'><strong>lacerent.</strong></span> <span class='ocrx_word' id='word_1_35' title='bbox 469 685 521 746; x_wconf 91' lang='lat' dir='ltr'><strong>sed</strong></span> <span class='ocrx_word' id='word_1_36' title='bbox 532 688 580 746; x_wconf 88' lang='lat' dir='ltr'><strong>vix</strong></span> <span class='ocrx_word' id='word_1_37' title='bbox 591 686 717 747; x_wconf 88' lang='lat' dir='ltr'><strong>adducor</strong></span> <span class='ocrx_word' id='word_1_38' title='bbox 727 697 775 763; x_wconf 79' lang='lat' dir='ltr'><strong>ut,</strong></span> <span class='ocrx_word' id='word_1_39' title='bbox 788 696 853 747; x_wconf 89' lang='lat' dir='ltr'><strong>ante</strong></span> 
     </span>
     <span class='ocr_line' id='line_1_7' title="bbox 68 768 951 849; baseline -0.006 -16"><span class='ocrx_word' id='word_1_40' title='bbox 68 777 141 832; x_wconf 76' lang='lat'>1340</span> <span class='ocrx_word' id='word_1_41' title='bbox 156 787 238 848; x_wconf 92' lang='lat' dir='ltr'><strong>quam</strong></span> <span class='ocrx_word' id='word_1_42' title='bbox 249 785 396 829; x_wconf 88' lang='lat' dir='ltr'><strong>commune</strong></span> <span class='ocrx_word' id='word_1_43' title='bbox 410 768 512 829; x_wconf 90' lang='lat' dir='ltr'><strong>malum</strong></span> <span class='ocrx_word' id='word_1_44' title='bbox 524 770 605 829; x_wconf 90' lang='lat' dir='ltr'><strong>lieret</strong></span> <span class='ocrx_word' id='word_1_45' title='bbox 619 769 806 849; x_wconf 82' lang='lat' dir='ltr'><strong>foedumque,</strong></span> <span class='ocrx_word' id='word_1_46' title='bbox 823 770 951 847; x_wconf 46' lang='lat' dir='ltr'><strong>faurum,</strong></span> 
     </span>
     <span class='ocr_line' id='line_1_8' title="bbox 155 852 851 932; baseline 0 -19"><span class='ocrx_word' id='word_1_47' title='bbox 155 869 211 913; x_wconf 91' lang='lat' dir='ltr'><strong>non</strong></span> <span class='ocrx_word' id='word_1_48' title='bbox 222 854 342 932; x_wconf 79' lang='lat' dir='ltr'><strong>quierint</strong></span> <span class='ocrx_word' id='word_1_49' title='bbox 352 856 443 914; x_wconf 88' lang='lat' dir='ltr'><strong>animo</strong></span> <span class='ocrx_word' id='word_1_50' title='bbox 455 856 631 930; x_wconf 78' lang='lat' dir='ltr'><strong>praesentire</strong></span> <span class='ocrx_word' id='word_1_51' title='bbox 646 862 731 931; x_wconf 90' lang='lat' dir='ltr'><strong>atque</strong></span> <span class='ocrx_word' id='word_1_52' title='bbox 742 852 851 913; x_wconf 87' lang='lat' dir='ltr'><strong>videre.</strong></span> 
     </span>
     <span class='ocr_line' id='line_1_9' title="bbox 157 934 874 1014; baseline 0 -19"><span class='ocrx_word' id='word_1_53' title='bbox 157 937 199 1014; x_wconf 89' lang='lat' dir='ltr'><strong>[et</strong></span> <span class='ocrx_word' id='word_1_54' title='bbox 209 937 298 1013; x_wconf 81' lang='lat' dir='ltr'><strong>magis</strong></span> <span class='ocrx_word' id='word_1_55' title='bbox 311 934 340 994; x_wconf 91' lang='lat' dir='ltr'><strong>id</strong></span> <span class='ocrx_word' id='word_1_56' title='bbox 353 937 448 1014; x_wconf 91' lang='lat' dir='ltr'><strong>possis</strong></span> <span class='ocrx_word' id='word_1_57' title='bbox 458 936 562 995; x_wconf 89' lang='lat' dir='ltr'><strong>factum</strong></span> <span class='ocrx_word' id='word_1_58' title='bbox 578 937 751 997; x_wconf 82' lang='lat' dir='ltr'><strong>contendere</strong></span> <span class='ocrx_word' id='word_1_59' title='bbox 762 938 790 995; x_wconf 90' lang='lat' dir='ltr'><strong>in</strong></span> <span class='ocrx_word' id='word_1_60' title='bbox 800 938 874 995; x_wconf 88' lang='lat' dir='ltr'><strong>omni</strong></span> 
     </span>
     <span class='ocr_line' id='line_1_10' title="bbox 154 1019 726 1079; baseline 0 -1"><span class='ocrx_word' id='word_1_61' title='bbox 154 1022 182 1079; x_wconf 90' lang='lat' dir='ltr'><strong>in</strong></span> <span class='ocrx_word' id='word_1_62' title='bbox 194 1021 278 1079; x_wconf 85' lang='lat' dir='ltr'><strong>variis</strong></span> <span class='ocrx_word' id='word_1_63' title='bbox 292 1019 400 1078; x_wconf 91' lang='lat' dir='ltr'><strong>mundis</strong></span> <span class='ocrx_word' id='word_1_64' title='bbox 411 1021 488 1079; x_wconf 86' lang='lat' dir='ltr'><strong>uaria</strong></span> <span class='ocrx_word' id='word_1_65' title='bbox 498 1022 608 1079; x_wconf 88' lang='lat' dir='ltr'><strong>ratione</strong></span> <span class='ocrx_word' id='word_1_66' title='bbox 623 1021 726 1079; x_wconf 91' lang='lat' dir='ltr'><strong>creatis</strong></span> 
     </span>
     <span class='ocr_line' id='line_1_11' title="bbox 155 1101 864 1181; baseline 0 -20"><span class='ocrx_word' id='word_1_67' title='bbox 155 1121 237 1180; x_wconf 88' lang='lat' dir='ltr'><strong>quam</strong></span> <span class='ocrx_word' id='word_1_68' title='bbox 249 1111 329 1163; x_wconf 89' lang='lat' dir='ltr'><strong>certo</strong></span> <span class='ocrx_word' id='word_1_69' title='bbox 340 1111 424 1181; x_wconf 89' lang='lat' dir='ltr'><strong>atque</strong></span> <span class='ocrx_word' id='word_1_70' title='bbox 435 1120 490 1162; x_wconf 91' lang='lat' dir='ltr'><strong>uno</strong></span> <span class='ocrx_word' id='word_1_71' title='bbox 503 1110 638 1162; x_wconf 86' lang='lat' dir='ltr'><strong>terrarum</strong></span> <span class='ocrx_word' id='word_1_72' title='bbox 651 1102 777 1180; x_wconf 92' lang='lat' dir='ltr'><strong>quolibet</strong></span> <span class='ocrx_word' id='word_1_73' title='bbox 791 1101 864 1180; x_wconf 84' lang='lat' dir='ltr'><strong>orbi}</strong></span> 
     </span>
     <span class='ocr_line' id='line_1_12' title="bbox 69 1185 884 1263; baseline -0.004 -16"><span class='ocrx_word' id='word_1_74' title='bbox 69 1194 139 1248; x_wconf 78' lang='grc'>1315</span> <span class='ocrx_word' id='word_1_75' title='bbox 155 1186 208 1245; x_wconf 88' lang='lat' dir='ltr'><strong>sed</strong></span> <span class='ocrx_word' id='word_1_76' title='bbox 218 1186 315 1245; x_wconf 82' lang='lat' dir='ltr'><strong>lacere</strong></span> <span class='ocrx_word' id='word_1_77' title='bbox 331 1185 360 1244; x_wconf 95' lang='lat' dir='ltr'><strong>id</strong></span> <span class='ocrx_word' id='word_1_78' title='bbox 371 1202 427 1244; x_wconf 91' lang='lat' dir='ltr'><strong>non</strong></span> <span class='ocrx_word' id='word_1_79' title='bbox 439 1194 495 1245; x_wconf 89' lang='lat' dir='ltr'><strong>tam</strong></span> <span class='ocrx_word' id='word_1_80' title='bbox 505 1187 637 1246; x_wconf 89' lang='lat' dir='ltr'><strong>vincendi</strong></span> <span class='ocrx_word' id='word_1_81' title='bbox 653 1204 706 1263; x_wconf 91' lang='lat' dir='ltr'><strong>spe</strong></span> <span class='ocrx_word' id='word_1_82' title='bbox 718 1185 884 1262; x_wconf 77' lang='lat' dir='ltr'><strong>voluerunt,</strong></span> 
     </span>
     <span class='ocr_line' id='line_1_13' title="bbox 155 1267 937 1348; baseline -0.001 -20"><span class='ocrx_word' id='word_1_83' title='bbox 155 1287 237 1348; x_wconf 90' lang='lat' dir='ltr'><strong>quam</strong></span> <span class='ocrx_word' id='word_1_84' title='bbox 250 1268 316 1328; x_wconf 90' lang='lat' dir='ltr'><strong>dare</strong></span> <span class='ocrx_word' id='word_1_85' title='bbox 328 1267 404 1347; x_wconf 89' lang='lat' dir='ltr'><strong>quod</strong></span> <span class='ocrx_word' id='word_1_86' title='bbox 414 1278 562 1346; x_wconf 84' lang='lat' dir='ltr'><strong>gemerent</strong></span> <span class='ocrx_word' id='word_1_87' title='bbox 572 1270 687 1345; x_wconf 83' lang='lat' dir='ltr'><strong>hostes,</strong></span> <span class='ocrx_word' id='word_1_88' title='bbox 699 1270 813 1348; x_wconf 83' lang='lat' dir='ltr'><strong>ipsique</strong></span> <span class='ocrx_word' id='word_1_89' title='bbox 825 1271 937 1347; x_wconf 86' lang='lat' dir='ltr'><strong>perire,</strong></span> 
     </span>
     <span class='ocr_line' id='line_1_14' title="bbox 155 1351 817 1431; baseline -0.002 -20"><span class='ocrx_word' id='word_1_90' title='bbox 155 1354 203 1430; x_wconf 90' lang='lat' dir='ltr'><strong>qui</strong></span> <span class='ocrx_word' id='word_1_91' title='bbox 216 1368 331 1411; x_wconf 90' lang='lat' dir='ltr'><strong>numero</strong></span> <span class='ocrx_word' id='word_1_92' title='bbox 347 1351 509 1411; x_wconf 85' lang='lat' dir='ltr'><strong>diffidebant</strong></span> <span class='ocrx_word' id='word_1_93' title='bbox 520 1355 661 1431; x_wconf 89' lang='lat' dir='ltr'><strong>armisque</strong></span> <span class='ocrx_word' id='word_1_94' title='bbox 671 1353 817 1413; x_wconf 87' lang='lat' dir='ltr'><strong>vacabant.</strong></span> 
     </span>
     <span class='ocr_line' id='line_1_15' title="bbox 197 1434 889 1514; baseline 0.003 -18"><span class='ocrx_word' id='word_1_95' title='bbox 197 1434 307 1496; x_wconf 80' lang='lat' dir='ltr'><strong>Nexilis</strong></span> <span class='ocrx_word' id='word_1_96' title='bbox 319 1445 383 1494; x_wconf 91' lang='lat' dir='ltr'><strong>ante</strong></span> <span class='ocrx_word' id='word_1_97' title='bbox 395 1436 448 1495; x_wconf 88' lang='lat' dir='ltr'><strong>luit</strong></span> <span class='ocrx_word' id='word_1_98' title='bbox 459 1436 548 1495; x_wconf 84' lang='lat' dir='ltr'><strong>vestis</strong></span> <span class='ocrx_word' id='word_1_99' title='bbox 561 1453 643 1513; x_wconf 90' lang='lat' dir='ltr'><strong>quam</strong></span> <span class='ocrx_word' id='word_1_100' title='bbox 654 1435 754 1496; x_wconf 80' lang='lat' dir='ltr'><strong>textile</strong></span> <span class='ocrx_word' id='word_1_101' title='bbox 766 1443 889 1514; x_wconf 82' lang='lat' dir='ltr'><strong>tegmen.</strong></span> 
     </span>
     <span class='ocr_line' id='line_1_16' title="bbox 154 1519 867 1598; baseline 0 -19"><span class='ocrx_word' id='word_1_102' title='bbox 154 1519 253 1579; x_wconf 82' lang='lat' dir='ltr'><strong>textile</strong></span> <span class='ocrx_word' id='word_1_103' title='bbox 268 1527 334 1596; x_wconf 90' lang='lat' dir='ltr'><strong>post</strong></span> <span class='ocrx_word' id='word_1_104' title='bbox 345 1519 492 1596; x_wconf 82' lang='lat' dir='ltr'><strong>ierrumst,</strong></span> <span class='ocrx_word' id='word_1_105' title='bbox 506 1521 570 1596; x_wconf 92' lang='lat' dir='ltr'><strong>quia</strong></span> <span class='ocrx_word' id='word_1_106' title='bbox 582 1520 658 1579; x_wconf 84' lang='lat' dir='ltr'><strong>ferro</strong></span> <span class='ocrx_word' id='word_1_107' title='bbox 672 1520 729 1579; x_wconf 88' lang='lat' dir='ltr'><strong>tela</strong></span> <span class='ocrx_word' id='word_1_108' title='bbox 739 1528 867 1598; x_wconf 90' lang='lat' dir='ltr'><strong>paratur,</strong></span> 
     </span>
     <span class='ocr_line' id='line_1_17' title="bbox 72 1601 762 1681; baseline -0.003 -17"><span class='ocrx_word' id='word_1_109' title='bbox 72 1611 141 1665; x_wconf 89' lang='grc'>1350</span> <span class='ocrx_word' id='word_1_110' title='bbox 154 1620 208 1661; x_wconf 91' lang='lat' dir='ltr'><strong>nec</strong></span> <span class='ocrx_word' id='word_1_111' title='bbox 220 1604 328 1662; x_wconf 89' lang='lat' dir='ltr'><strong>ratione</strong></span> <span class='ocrx_word' id='word_1_112' title='bbox 338 1601 392 1662; x_wconf 91' lang='lat' dir='ltr'><strong>alia</strong></span> <span class='ocrx_word' id='word_1_113' title='bbox 403 1611 522 1680; x_wconf 91' lang='lat' dir='ltr'><strong>possunt</strong></span> <span class='ocrx_word' id='word_1_114' title='bbox 532 1612 587 1662; x_wconf 90' lang='lat' dir='ltr'><strong>tam</strong></span> <span class='ocrx_word' id='word_1_115' title='bbox 598 1603 671 1662; x_wconf 87' lang='lat' dir='ltr'><strong>leuia</strong></span> <span class='ocrx_word' id='word_1_116' title='bbox 683 1604 762 1681; x_wconf 79' lang='lat' dir='ltr'><strong>gigni</strong></span> 
     </span>
     <span class='ocr_line' id='line_1_18' title="bbox 156 1685 784 1763; baseline -0.002 -18"><span class='ocrx_word' id='word_1_117' title='bbox 156 1685 246 1745; x_wconf 87' lang='lat' dir='ltr'><strong>insilia</strong></span> <span class='ocrx_word' id='word_1_118' title='bbox 257 1702 291 1744; x_wconf 92' lang='lat' dir='ltr'><strong>ac</strong></span> <span class='ocrx_word' id='word_1_119' title='bbox 302 1685 372 1761; x_wconf 81' lang='lat' dir='ltr'><strong>lusi,</strong></span> <span class='ocrx_word' id='word_1_120' title='bbox 386 1685 474 1761; x_wconf 85' lang='lat' dir='ltr'><strong>radii,</strong></span> <span class='ocrx_word' id='word_1_121' title='bbox 490 1688 629 1763; x_wconf 77' lang='lat' dir='ltr'><strong>scapique</strong></span> <span class='ocrx_word' id='word_1_122' title='bbox 641 1696 784 1747; x_wconf 88' lang='lat' dir='ltr'><strong>sonantes.</strong></span> 
     </span>
     <span class='ocr_line' id='line_1_19' title="bbox 156 1767 775 1852; baseline 0 -25"><span class='ocrx_word' id='word_1_123' title='bbox 156 1778 185 1827; x_wconf 88' lang='lat' dir='ltr'><strong>et</strong></span> <span class='ocrx_word' id='word_1_124' title='bbox 193 1769 292 1852; x_wconf 69' lang='lat' dir='ltr'><strong>lacere</strong></span> <span class='ocrx_word' id='word_1_125' title='bbox 304 1778 368 1827; x_wconf 88' lang='lat' dir='ltr'><strong>ante</strong></span> <span class='ocrx_word' id='word_1_126' title='bbox 378 1771 455 1827; x_wconf 77' lang='lat' dir='ltr'><strong>uiros</strong></span> <span class='ocrx_word' id='word_1_127' title='bbox 466 1767 557 1827; x_wconf 89' lang='lat' dir='ltr'><strong>lanam</strong></span> <span class='ocrx_word' id='word_1_128' title='bbox 567 1778 664 1828; x_wconf 86' lang='lat' dir='ltr'><strong>natura</strong></span> <span class='ocrx_word' id='word_1_129' title='bbox 677 1771 775 1845; x_wconf 77' lang='lat' dir='ltr'><strong>coligit</strong></span> 
     </span>
     <span class='ocr_line' id='line_1_20' title="bbox 154 1850 925 1929; baseline 0 -19"><span class='ocrx_word' id='word_1_130' title='bbox 154 1869 237 1929; x_wconf 89' lang='lat' dir='ltr'><strong>quam</strong></span> <span class='ocrx_word' id='word_1_131' title='bbox 247 1852 383 1912; x_wconf 88' lang='lat' dir='ltr'><strong>muliebre</strong></span> <span class='ocrx_word' id='word_1_132' title='bbox 395 1869 501 1929; x_wconf 82' lang='lat' dir='ltr'><strong>genus:</strong></span> <span class='ocrx_word' id='word_1_133' title='bbox 513 1869 576 1910; x_wconf 88' lang='lat' dir='ltr'><strong>nam</strong></span> <span class='ocrx_word' id='word_1_134' title='bbox 589 1850 676 1928; x_wconf 83' lang='lat' dir='ltr'><strong>longe</strong></span> <span class='ocrx_word' id='word_1_135' title='bbox 689 1859 814 1928; x_wconf 88' lang='lat' dir='ltr'><strong>praestat</strong></span> <span class='ocrx_word' id='word_1_136' title='bbox 825 1852 852 1910; x_wconf 92' lang='lat' dir='ltr'><strong>in</strong></span> <span class='ocrx_word' id='word_1_137' title='bbox 864 1859 925 1910; x_wconf 90' lang='lat' dir='ltr'><strong>arte</strong></span> 
     </span>
     <span class='ocr_line' id='line_1_21' title="bbox 154 1933 799 2011; baseline -0.003 -17"><span class='ocrx_word' id='word_1_138' title='bbox 154 1944 184 1994; x_wconf 91' lang='lat' dir='ltr'><strong>et</strong></span> <span class='ocrx_word' id='word_1_139' title='bbox 195 1934 338 1995; x_wconf 88' lang='lat' dir='ltr'><strong>sollertius</strong></span> <span class='ocrx_word' id='word_1_140' title='bbox 350 1944 395 1995; x_wconf 90' lang='lat' dir='ltr'><strong>est</strong></span> <span class='ocrx_word' id='word_1_141' title='bbox 405 1933 493 1995; x_wconf 87' lang='lat' dir='ltr'><strong>multo</strong></span> <span class='ocrx_word' id='word_1_142' title='bbox 505 1952 596 2011; x_wconf 84' lang='lat' dir='ltr'><strong>genus</strong></span> <span class='ocrx_word' id='word_1_143' title='bbox 608 1952 690 1994; x_wconf 88' lang='lat' dir='ltr'><strong>omne</strong></span> <span class='ocrx_word' id='word_1_144' title='bbox 702 1933 799 2001; x_wconf 87' lang='lat' dir='ltr'><strong>virile;</strong></span> 
     </span>
     <span class='ocr_line' id='line_1_22' title="bbox 70 2016 731 2095; baseline -0.008 -14"><span class='ocrx_word' id='word_1_145' title='bbox 70 2028 138 2081; x_wconf 88' lang='grc'>1355</span> <span class='ocrx_word' id='word_1_146' title='bbox 154 2018 298 2095; x_wconf 80' lang='lat' dir='ltr'><strong>agricolae</strong></span> <span class='ocrx_word' id='word_1_147' title='bbox 311 2016 402 2078; x_wconf 90' lang='lat' dir='ltr'><strong>donec</strong></span> <span class='ocrx_word' id='word_1_148' title='bbox 413 2020 481 2077; x_wconf 90' lang='lat' dir='ltr'><strong>vitio</strong></span> <span class='ocrx_word' id='word_1_149' title='bbox 491 2027 606 2078; x_wconf 87' lang='lat' dir='ltr'><strong>vertere</strong></span> <span class='ocrx_word' id='word_1_150' title='bbox 620 2019 731 2093; x_wconf 87' lang='lat' dir='ltr'><strong>severi,</strong></span> 
     </span>
     <span class='ocr_line' id='line_1_23' title="bbox 154 2101 847 2162; baseline -0.001 -1"><span class='ocrx_word' id='word_1_151' title='bbox 154 2111 184 2162; x_wconf 92' lang='lat' dir='ltr'><strong>ut</strong></span> <span class='ocrx_word' id='word_1_152' title='bbox 195 2101 377 2162; x_wconf 88' lang='lat' dir='ltr'><strong>muliebribus</strong></span> <span class='ocrx_word' id='word_1_153' title='bbox 389 2101 418 2160; x_wconf 93' lang='lat' dir='ltr'><strong>id</strong></span> <span class='ocrx_word' id='word_1_154' title='bbox 428 2102 555 2162; x_wconf 89' lang='lat' dir='ltr'><strong>manibus</strong></span> <span class='ocrx_word' id='word_1_155' title='bbox 568 2102 727 2161; x_wconf 88' lang='lat' dir='ltr'><strong>concedere</strong></span> <span class='ocrx_word' id='word_1_156' title='bbox 739 2101 847 2162; x_wconf 86' lang='lat' dir='ltr'><strong>vellent</strong></span> 
     </span>
     <span class='ocr_line' id='line_1_24' title="bbox 154 2184 815 2264; baseline -0.002 -19"><span class='ocrx_word' id='word_1_157' title='bbox 154 2193 239 2263; x_wconf 88' lang='lat' dir='ltr'><strong>atque</strong></span> <span class='ocrx_word' id='word_1_158' title='bbox 251 2187 306 2264; x_wconf 87' lang='lat' dir='ltr'><strong>ipsi</strong></span> <span class='ocrx_word' id='word_1_159' title='bbox 319 2187 423 2262; x_wconf 88' lang='lat' dir='ltr'><strong>pariter</strong></span> <span class='ocrx_word' id='word_1_160' title='bbox 434 2185 532 2244; x_wconf 90' lang='lat' dir='ltr'><strong>durum</strong></span> <span class='ocrx_word' id='word_1_161' title='bbox 542 2187 661 2245; x_wconf 85' lang='lat' dir='ltr'><strong>sulierre</strong></span> <span class='ocrx_word' id='word_1_162' title='bbox 672 2184 815 2262; x_wconf 85' lang='lat' dir='ltr'><strong>laborem,</strong></span> 
     </span>
     <span class='ocr_line' id='line_1_25' title="bbox 155 2262 924 2347; baseline 0 -20"><span class='ocrx_word' id='word_1_163' title='bbox 155 2278 239 2347; x_wconf 87' lang='lat' dir='ltr'><strong>atque</strong></span> <span class='ocrx_word' id='word_1_164' title='bbox 251 2285 340 2347; x_wconf 90' lang='lat' dir='ltr'><strong>opere</strong></span> <span class='ocrx_word' id='word_1_165' title='bbox 355 2271 383 2328; x_wconf 90' lang='lat' dir='ltr'><strong>in</strong></span> <span class='ocrx_word' id='word_1_166' title='bbox 399 2268 468 2328; x_wconf 88' lang='lat' dir='ltr'><strong>duro</strong></span> <span class='ocrx_word' id='word_1_167' title='bbox 481 2269 612 2328; x_wconf 88' lang='lat' dir='ltr'><strong>durarent</strong></span> <span class='ocrx_word' id='word_1_168' title='bbox 622 2262 746 2327; x_wconf 88' lang='lat' dir='ltr'><strong>membra</strong></span> <span class='ocrx_word' id='word_1_169' title='bbox 757 2286 924 2345; x_wconf 89' lang='lat' dir='ltr'><strong>manusque.</strong></span> 
     </span>
     <span class='ocr_line' id='line_1_26' title="bbox 196 2352 798 2430; baseline -0.005 -19"><span class='ocrx_word' id='word_1_170' title='bbox 196 2352 234 2411; x_wconf 84' lang='lat' dir='ltr'><strong>At</strong></span> <span class='ocrx_word' id='word_1_171' title='bbox 246 2353 392 2430; x_wconf 87' lang='lat' dir='ltr'><strong>specimen</strong></span> <span class='ocrx_word' id='word_1_172' title='bbox 402 2354 517 2412; x_wconf 85' lang='lat' dir='ltr'><strong>sationis</strong></span> <span class='ocrx_word' id='word_1_173' title='bbox 529 2360 558 2410; x_wconf 88' lang='lat' dir='ltr'><strong>et</strong></span> <span class='ocrx_word' id='word_1_174' title='bbox 569 2352 706 2410; x_wconf 87' lang='lat' dir='ltr'><strong>insitionis</strong></span> <span class='ocrx_word' id='word_1_175' title='bbox 717 2353 798 2427; x_wconf 83' lang='lat' dir='ltr'><strong>origo</strong></span> 
     </span>
     <span class='ocr_line' id='line_1_27' title="bbox 68 2435 766 2514; baseline -0.01 -16"><span class='ocrx_word' id='word_1_176' title='bbox 68 2445 139 2500; x_wconf 89' lang='grc'>1300</span> <span class='ocrx_word' id='word_1_177' title='bbox 153 2438 215 2514; x_wconf 91' lang='lat' dir='ltr'><strong>ipsa</strong></span> <span class='ocrx_word' id='word_1_178' title='bbox 227 2435 281 2494; x_wconf 86' lang='lat' dir='ltr'><strong>luit</strong></span> <span class='ocrx_word' id='word_1_179' title='bbox 289 2453 383 2495; x_wconf 91' lang='lat' dir='ltr'><strong>rerum</strong></span> <span class='ocrx_word' id='word_1_180' title='bbox 393 2437 510 2513; x_wconf 91' lang='lat' dir='ltr'><strong>primum</strong></span> <span class='ocrx_word' id='word_1_181' title='bbox 521 2443 618 2494; x_wconf 89' lang='lat' dir='ltr'><strong>natura</strong></span> <span class='ocrx_word' id='word_1_182' title='bbox 630 2435 766 2509; x_wconf 85' lang='lat' dir='ltr'><strong>creatrix,</strong></span> 
     </span>
     <span class='ocr_line' id='line_1_28' title="bbox 155 2515 870 2596; baseline -0.004 -18"><span class='ocrx_word' id='word_1_183' title='bbox 155 2518 302 2579; x_wconf 88' lang='lat' dir='ltr'><strong>arboribus</strong></span> <span class='ocrx_word' id='word_1_184' title='bbox 314 2520 446 2596; x_wconf 89' lang='lat' dir='ltr'><strong>quoniam</strong></span> <span class='ocrx_word' id='word_1_185' title='bbox 455 2518 544 2577; x_wconf 89' lang='lat' dir='ltr'><strong>bacae</strong></span> <span class='ocrx_word' id='word_1_186' title='bbox 554 2515 731 2595; x_wconf 82' lang='lat' dir='ltr'><strong>glandesque</strong></span> <span class='ocrx_word' id='word_1_187' title='bbox 744 2515 870 2576; x_wconf 89' lang='lat' dir='ltr'><strong>caducae</strong></span> 
     </span>
     <span class='ocr_line' id='line_1_29' title="bbox 154 2600 851 2680; baseline -0.003 -20"><span class='ocrx_word' id='word_1_188' title='bbox 154 2603 323 2680; x_wconf 84' lang='lat' dir='ltr'><strong>tempestiua</strong></span> <span class='ocrx_word' id='word_1_189' title='bbox 334 2600 436 2661; x_wconf 89' lang='lat' dir='ltr'><strong>dabant</strong></span> <span class='ocrx_word' id='word_1_190' title='bbox 447 2601 587 2680; x_wconf 89' lang='lat' dir='ltr'><strong>pullorum</strong></span> <span class='ocrx_word' id='word_1_191' title='bbox 599 2603 725 2661; x_wconf 87' lang='lat' dir='ltr'><strong>examina</strong></span> <span class='ocrx_word' id='word_1_192' title='bbox 738 2608 851 2677; x_wconf 88' lang='lat' dir='ltr'><strong>supter;</strong></span> 
     </span>
     <span class='ocr_line' id='line_1_30' title="bbox 154 2683 858 2763; baseline -0.001 -20"><span class='ocrx_word' id='word_1_193' title='bbox 154 2684 229 2744; x_wconf 86' lang='lat' dir='ltr'><strong>unde</strong></span> <span class='ocrx_word' id='word_1_194' title='bbox 241 2686 324 2744; x_wconf 89' lang='lat' dir='ltr'><strong>etiam</strong></span> <span class='ocrx_word' id='word_1_195' title='bbox 334 2683 469 2745; x_wconf 88' lang='lat' dir='ltr'><strong>libitumst</strong></span> <span class='ocrx_word' id='word_1_196' title='bbox 480 2687 575 2763; x_wconf 91' lang='lat' dir='ltr'><strong>stirpis</strong></span> <span class='ocrx_word' id='word_1_197' title='bbox 588 2685 763 2744; x_wconf 91' lang='lat' dir='ltr'><strong>committere</strong></span> <span class='ocrx_word' id='word_1_198' title='bbox 774 2685 858 2742; x_wconf 88' lang='lat' dir='ltr'><strong>ramis</strong></span> 
     </span>
     <span class='ocr_line' id='line_1_31' title="bbox 156 2766 870 2845; baseline 0.001 -19"><span class='ocrx_word' id='word_1_199' title='bbox 156 2777 185 2827; x_wconf 88' lang='lat' dir='ltr'><strong>et</strong></span> <span class='ocrx_word' id='word_1_200' title='bbox 196 2785 270 2828; x_wconf 87' lang='lat' dir='ltr'><strong>nova</strong></span> <span class='ocrx_word' id='word_1_201' title='bbox 281 2766 417 2827; x_wconf 86' lang='lat' dir='ltr'><strong>defodere</strong></span> <span class='ocrx_word' id='word_1_202' title='bbox 428 2771 455 2827; x_wconf 92' lang='lat' dir='ltr'><strong>in</strong></span> <span class='ocrx_word' id='word_1_203' title='bbox 467 2777 568 2827; x_wconf 91' lang='lat' dir='ltr'><strong>terram</strong></span> <span class='ocrx_word' id='word_1_204' title='bbox 577 2768 698 2845; x_wconf 84' lang='lat' dir='ltr'><strong>virgulta</strong></span> <span class='ocrx_word' id='word_1_205' title='bbox 711 2784 764 2845; x_wconf 92' lang='lat' dir='ltr'><strong>per</strong></span> <span class='ocrx_word' id='word_1_206' title='bbox 775 2782 870 2844; x_wconf 77' lang='lat' dir='ltr'><strong>agros.</strong></span> 
     </span>
     <span class='ocr_line' id='line_1_32' title="bbox 70 2849 850 2929; baseline -0.009 -14"><span class='ocrx_word' id='word_1_207' title='bbox 70 2861 138 2916; x_wconf 89' lang='grc'>1365</span> <span class='ocrx_word' id='word_1_208' title='bbox 153 2850 219 2911; x_wconf 90' lang='lat' dir='ltr'><strong>iude</strong></span> <span class='ocrx_word' id='word_1_209' title='bbox 231 2851 312 2911; x_wconf 85' lang='lat' dir='ltr'><strong>aliam</strong></span> <span class='ocrx_word' id='word_1_210' title='bbox 328 2860 412 2929; x_wconf 91' lang='lat' dir='ltr'><strong>atque</strong></span> <span class='ocrx_word' id='word_1_211' title='bbox 424 2851 504 2910; x_wconf 89' lang='lat' dir='ltr'><strong>aliam</strong></span> <span class='ocrx_word' id='word_1_212' title='bbox 516 2851 651 2910; x_wconf 91' lang='lat' dir='ltr'><strong>culturam</strong></span> <span class='ocrx_word' id='word_1_213' title='bbox 663 2849 754 2910; x_wconf 90' lang='lat' dir='ltr'><strong>dulcis</strong></span> <span class='ocrx_word' id='word_1_214' title='bbox 765 2849 850 2926; x_wconf 81' lang='lat' dir='ltr'><strong>agelli</strong></span> 
     </span>
     <span class='ocr_line' id='line_1_33' title="bbox 154 2934 939 3013; baseline 0.001 -20"><span class='ocrx_word' id='word_1_215' title='bbox 154 2934 343 3013; x_wconf 82' lang='lat' dir='ltr'><strong>temptabant,</strong></span> <span class='ocrx_word' id='word_1_216' title='bbox 355 2934 521 3013; x_wconf 80' lang='lat' dir='ltr'><strong>fructusque</strong></span> <span class='ocrx_word' id='word_1_217' title='bbox 533 2935 612 2993; x_wconf 88' lang='lat' dir='ltr'><strong>leros</strong></span> <span class='ocrx_word' id='word_1_218' title='bbox 623 2950 823 2992; x_wconf 86' lang='lat' dir='ltr'><strong>mansuescere</strong></span> <span class='ocrx_word' id='word_1_219' title='bbox 837 2941 939 2994; x_wconf 88' lang='lat' dir='ltr'><strong>terram</strong></span> 
     </span>
     <span class='ocr_line' id='line_1_34' title="bbox 156 3014 811 3093; baseline -0.002 -18"><span class='ocrx_word' id='word_1_220' title='bbox 156 3017 309 3077; x_wconf 89' lang='lat' dir='ltr'><strong>cernebant</strong></span> <span class='ocrx_word' id='word_1_221' title='bbox 321 3014 492 3093; x_wconf 81' lang='lat' dir='ltr'><strong>indulgendo</strong></span> <span class='ocrx_word' id='word_1_222' title='bbox 505 3015 666 3093; x_wconf 89' lang='lat' dir='ltr'><strong>blandeque</strong></span> <span class='ocrx_word' id='word_1_223' title='bbox 678 3014 811 3074; x_wconf 91' lang='lat' dir='ltr'><strong>colendo.</strong></span> 
     </span>
     <span class='ocr_line' id='line_1_35' title="bbox 155 3097 854 3178; baseline -0.001 -20"><span class='ocrx_word' id='word_1_224' title='bbox 155 3101 241 3178; x_wconf 86' lang='lat' dir='ltr'><strong>inque</strong></span> <span class='ocrx_word' id='word_1_225' title='bbox 253 3100 314 3159; x_wconf 90' lang='lat' dir='ltr'><strong>dies</strong></span> <span class='ocrx_word' id='word_1_226' title='bbox 325 3101 414 3176; x_wconf 85' lang='lat' dir='ltr'><strong>magis</strong></span> <span class='ocrx_word' id='word_1_227' title='bbox 426 3103 453 3159; x_wconf 89' lang='lat' dir='ltr'><strong>in</strong></span> <span class='ocrx_word' id='word_1_228' title='bbox 464 3109 586 3159; x_wconf 91' lang='lat' dir='ltr'><strong>montem</strong></span> <span class='ocrx_word' id='word_1_229' title='bbox 597 3097 756 3158; x_wconf 88' lang='lat' dir='ltr'><strong>succedere</strong></span> <span class='ocrx_word' id='word_1_230' title='bbox 768 3097 854 3157; x_wconf 89' lang='lat' dir='ltr'><strong>silvas</strong></span> 
     </span>
     <span class='ocr_line' id='line_1_36' title="bbox 157 3180 832 3260; baseline -0.003 -18"><span class='ocrx_word' id='word_1_231' title='bbox 157 3184 301 3260; x_wconf 84' lang='lat' dir='ltr'><strong>cogebant</strong></span> <span class='ocrx_word' id='word_1_232' title='bbox 311 3182 439 3260; x_wconf 79' lang='lat' dir='ltr'><strong>infraque</strong></span> <span class='ocrx_word' id='word_1_233' title='bbox 452 3182 547 3243; x_wconf 90' lang='lat' dir='ltr'><strong>locum</strong></span> <span class='ocrx_word' id='word_1_234' title='bbox 559 3182 720 3243; x_wconf 89' lang='lat' dir='ltr'><strong>concedere</strong></span> <span class='ocrx_word' id='word_1_235' title='bbox 734 3180 832 3256; x_wconf 80' lang='lat' dir='ltr'><strong>cultis,</strong></span> 
     </span>
     <span class='ocr_line' id='line_1_37' title="bbox 72 3263 790 3344; baseline -0.011 -14"><span class='ocrx_word' id='word_1_236' title='bbox 72 3275 141 3331; x_wconf 85' lang='grc'>1370</span> <span class='ocrx_word' id='word_1_237' title='bbox 155 3275 235 3343; x_wconf 89' lang='lat' dir='ltr'><strong>prata</strong></span> <span class='ocrx_word' id='word_1_238' title='bbox 247 3265 325 3326; x_wconf 90' lang='lat' dir='ltr'><strong>lacus</strong></span> <span class='ocrx_word' id='word_1_239' title='bbox 337 3268 414 3325; x_wconf 89' lang='lat' dir='ltr'><strong>rivos</strong></span> <span class='ocrx_word' id='word_1_240' title='bbox 425 3275 540 3344; x_wconf 83' lang='lat' dir='ltr'><strong>segetes</strong></span> <span class='ocrx_word' id='word_1_241' title='bbox 554 3268 705 3343; x_wconf 86' lang='lat' dir='ltr'><strong>vinetaque</strong></span> <span class='ocrx_word' id='word_1_242' title='bbox 717 3263 790 3322; x_wconf 88' lang='lat' dir='ltr'><strong>laeta</strong></span> 
     </span>
     <span class='ocr_line' id='line_1_38' title="bbox 157 3346 881 3427; baseline 0.001 -21"><span class='ocrx_word' id='word_1_243' title='bbox 157 3348 278 3409; x_wconf 90' lang='lat' dir='ltr'><strong>collibus</strong></span> <span class='ocrx_word' id='word_1_244' title='bbox 290 3357 319 3408; x_wconf 92' lang='lat' dir='ltr'><strong>et</strong></span> <span class='ocrx_word' id='word_1_245' title='bbox 330 3352 435 3427; x_wconf 93' lang='lat' dir='ltr'><strong>campis</strong></span> <span class='ocrx_word' id='word_1_246' title='bbox 447 3359 477 3410; x_wconf 92' lang='lat' dir='ltr'><strong>ut</strong></span> <span class='ocrx_word' id='word_1_247' title='bbox 488 3349 641 3425; x_wconf 81' lang='lat' dir='ltr'><strong>baberent,</strong></span> <span class='ocrx_word' id='word_1_248' title='bbox 657 3357 742 3425; x_wconf 90' lang='lat' dir='ltr'><strong>atque</strong></span> <span class='ocrx_word' id='word_1_249' title='bbox 755 3346 881 3407; x_wconf 87' lang='lat' dir='ltr'><strong>olearum</strong></span> 
     </span>
     <span class='ocr_line' id='line_1_39' title="bbox 156 3430 876 3510; baseline -0.001 -19"><span class='ocrx_word' id='word_1_250' title='bbox 156 3432 270 3492; x_wconf 89' lang='lat' dir='ltr'><strong>caemla</strong></span> <span class='ocrx_word' id='word_1_251' title='bbox 281 3430 456 3510; x_wconf 83' lang='lat' dir='ltr'><strong>distinguens</strong></span> <span class='ocrx_word' id='word_1_252' title='bbox 467 3435 540 3493; x_wconf 90' lang='lat' dir='ltr'><strong>inter</strong></span> <span class='ocrx_word' id='word_1_253' title='bbox 552 3431 635 3510; x_wconf 78' lang='lat' dir='ltr'><strong>plaga</strong></span> <span class='ocrx_word' id='word_1_254' title='bbox 647 3448 762 3490; x_wconf 88' lang='lat' dir='ltr'><strong>currere</strong></span> <span class='ocrx_word' id='word_1_255' title='bbox 775 3441 876 3509; x_wconf 88' lang='lat' dir='ltr'><strong>posset</strong></span> 
     </span>
     <span class='ocr_line' id='line_1_40' title="bbox 113 3514 915 3578; baseline 0.006 -5"><span class='ocrx_word' id='word_1_256' title='bbox 113 3520 274 3575; x_wconf 81' lang='lat' dir='ltr'><strong>Lucnsmus.</strong></span> <span class='ocrx_word' id='word_1_257' title='bbox 876 3514 915 3578; x_wconf 88' lang='lat' dir='ltr'><strong>ll</strong></span> 
     </span>
    </p>
   </div>
   <div class='ocr_carea' id='block_1_3' title="bbox 0 0 1163 3892">
    <p class='ocr_par' dir='ltr' id='par_1_3' title="bbox 0 0 1163 3892">
     <span class='ocr_line' id='line_1_41' title="bbox 0 0 1163 3892; baseline 0 0"><span class='ocrx_word' id='word_1_258' title='bbox 0 0 1163 3892; x_wconf 95' lang='lat' dir='ltr'><strong> </strong></span> 
     </span>
    </p>
   </div>
  </div>
 </body>
</html>
