2288 3886
115 172 176 237 182
592 172 632 233 Vl

196 354 225 404 et
237 344 306 403 satis
319 343 392 402 baec
404 342 490 403 tellus
502 343 585 402 nobis
598 343 765 422 caelumque
776 343 841 403 66611
854 342 927 420 1661,

196 428 269 487 unde
281 435 366 504 queat
377 428 420 485 vis
432 428 559 487 immensi
574 444 764 505 procrescere
776 428 876 488 morbi.

129 521 180 575 666
193 514 236 572 616
248 513 334 588 igitur
343 511 396 570 toti
413 510 495 570 caelo
507 519 659 590 terraeque
671 509 851 590 putandumst

192 614 230 656 ox
241 595 348 654 infinito
361 596 428 654 satis
441 597 532 654 omnia
543 593 745 674 suppeditare,

192 678 268 738 unde
280 688 401 756 repente
414 689 499 757 queat
514 677 600 738 tellus
615 697 755 740 concussa
767 672 874 739 moveri

193 781 303 842 perque
315 780 391 822 mare
404 780 437 822 66
449 772 539 822 terras
549 762 664 842 rapidus
678 781 849 842 percurrere
861 764 963 842 turbo,

191 849 265 924 ignis
282 846 424 906 abundare
436 847 599 923 Aetnaeus,
613 846 810 907 flammescere
823 846 949 907 caelum:

128 939 181 993 670
191 933 217 990 id
232 947 347 1009 quoque
360 932 434 989 enim
446 930 492 1006 iit,
505 939 534 990 et
546 931 700 991 ardescunt
712 931 850 991 caelestia
860 931 985 1011 templa,

192 1026 222 1075 et
234 1022 421 1092 tempestates
438 1013 550 1092 pluviae
564 1017 696 1091 graviore
709 1025 810 1075 coortu

192 1110 274 1175 sunt⁷
287 1099 334 1158 ubi
346 1097 421 1157 forte
433 1101 470 1157 ita
482 1117 514 1158 se
527 1099 682 1159 tetulerunt
694 1101 800 1159 semina
811 1116 954 1176 aquarum.

193 1175 235 1243 ‘at
247 1184 328 1241 nimis
339 1191 384 1242 est
396 1185 497 1259 ingens
510 1183 622 1242 incendi
635 1183 762 1243 turbidus
776 1182 879 1243 ardor.’

192 1267 322 1342 scilicet,
335 1275 364 1325 et
374 1265 474 1326 fluvius
488 1269 578 1344 quivis
592 1277 637 1327 est
649 1269 783 1327 maximus
796 1269 823 1326 ei

126 1359 178 1415 675
190 1354 303 1430 quinon
314 1358 379 1409 ante
391 1349 514 1428 aliquem
524 1352 657 1411 maiorem
668 1350 755 1426 vidit,
768 1359 798 1410 61
810 1352 912 1428 ingens

191 1436 277 1495 arbor
287 1433 430 1512 homoque
443 1434 570 1511 videtur,
583 1445 612 1494 61
625 1437 715 1495 omniu
728 1434 883 1512 degenere
897 1438 972 1495 omni

191 1520 308 1577 maxima
321 1535 393 1596 quae
405 1519 474 1577 vidit
486 1520 622 1596 quisque,
635 1518 707 1579 haec
720 1520 845 1596 ingentia
857 1520 953 1598 tingit,

192 1621 254 1663 cum
266 1611 358 1660 tamen
372 1604 462 1660 omnia
475 1620 537 1661 cum
554 1602 636 1661 66610
648 1613 780 1682 terraque
792 1605 918 1682 marique

191 1687 228 1745 nil
242 1686 297 1745 sint
308 1683 343 1743 ad
354 1702 488 1744 summam
499 1689 614 1746 summai
627 1689 712 1747 totius
725 1705 844 1747 ornnem.

127 1780 180 1836 680
234 1769 315 1830 Nunc
331 1778 422 1829 tamen
434 1769 482 1830 illa
493 1769 584 1830 modis
601 1772 702 1849 quibus
716 1774 825 1831 16611616
836 1781 957 1850 repente

191 1855 299 1915 flamma
310 1854 387 1915 forus
400 1857 487 1914 uastis
498 1854 608 1914 Aetnae
621 1855 784 1916 fornacibus
796 1855 894 1934 eidet,

191 1939 350 2018 expediam.
368 1941 486 2017 primum
501 1940 587 1998 totius
598 1940 723 1999 subcava
734 1941 836 2000 montis

192 2033 239 2085 est
250 2032 363 2099 natura,
376 2022 439 2083 1666
452 2021 563 2083 silicum
575 2023 689 2083 suffulta
701 2026 838 2084 cavernis.

191 2107 321 2167 omnibus
334 2117 378 2166 661
390 2124 477 2185 porro
488 2109 515 2166 in
529 2106 674 2185 speluncis
686 2118 788 2168 ventus
801 2114 900 2168 61666.

127 2200 177 2254 686
193 2200 296 2250 ventus
309 2193 383 2250 euim
398 2190 443 2267 ut,
456 2190 503 2249 ubi
516 2201 560 2251 est
570 2192 702 2268 agitando
713 2194 840 2271 percitus
851 2199 915 2252 ae'r:

191 2276 239 2334 hic
250 2274 297 2333 ubi
310 2273 450 2353 percaluit
462 2274 653 2353 calefecitque
666 2279 757 2336 omnia
769 2279 877 2337 circum

192 2376 259 2420 saxa
270 2359 385 2436 furens,
399 2378 452 2438 qua
466 2362 620 2437 contingit,
635 2370 813 2440 terramque,
829 2371 857 2421 et
868 2361 903 2420 ab
915 2358 982 2421 ollis

192 2446 321 2504 excussit
336 2443 455 2503 calidum
469 2444 583 2504 dammis
598 2444 748 2505 velocibus
761 2448 874 2522 ignem,

192 2527 266 2588 tollit
277 2545 310 2587 se
322 2547 355 2587 66
366 2530 454 2588 666116
466 2530 503 2587 116
514 2528 643 2588 faucibus
655 2531 722 2589 eicit
732 2529 800 2593 alte.

126 2621 178 2676 690
193 2613 355 2689 1661116666
369 2613 498 2672 ardorem
510 2612 615 2690 longe,
627 2612 772 2692 longeque
785 2612 908 2672 favillam

192 2696 302 2771 (1111661,
316 2704 345 2755 61
357 2713 454 2755 crassa
465 2696 554 2756 volvit
567 2696 687 2774 caligine
699 2698 821 2773 fumum,

192 2779 371 2856 extruditque
382 2778 464 2837 simul
478 2779 602 2839 mirando
614 2780 742 2860 pondere
754 2800 835 2848 saxa:

192 2883 227 2923 ne
241 2862 352 2922 dubites
365 2864 430 2940 quin
442 2864 513 2923 haec
530 2866 627 2924 animai
639 2866 748 2926 turbida
760 2868 797 2927 sit
807 2868 861 2924 vis.

191 2956 341 3026 praeterea
352 2965 451 3024 magna
463 2966 499 3007 ex
513 2951 584 3027 parti
598 2968 674 3010 66666
688 2952 790 3011 montis
802 2950 835 3010 ad
848 2952 910 3012 eius

129 3041 178 3095 696
193 3032 304 3093 radices
316 3033 419 3110 inungit
431 3033 534 3093 fluctus
546 3043 713 3112 aestumque
724 3035 866 3095 resorbet.

193 3135 231 3176 ex
244 3117 300 3177 hoo
312 3135 402 3194 66666
413 3120 480 3177 mari
492 3116 648 3196 speluncae
660 3121 762 3178 montis
774 3117 890 3179 adultas

193 3203 362 3279 perveniunt
374 3201 473 3261 subter
487 3201 595 3261 lauces.
608 3202 662 3261 hac
673 3203 715 3261 ire
727 3201 898 3262 fatendumst

194 3295 222 3344 et
235 3295 385 3363 penetrare
397 3288 480 3344 maris
492 3288 605 3364 penitus
618 3297 756 3364 percocta
767 3288 794 3345 in
807 3295 935 3364 apertum

192 3379 277 3446 atque
292 3368 390 3428 6111666
403 3367 495 3447 foras,
508 3368 631 3448 ideoque
645 3368 786 3430 extollere
799 3370 935 3429 dammam

36 3480 39 3485 ·
127 3459 180 3519 100
191 3471 315 3532 saxaque
328 3453 490 3514 subiectare
506 3464 534 3514 61
546 3472 648 3515 666666
659 3453 762 3514 1011666
774 3454 894 3515 nimbos.
