<?xml version="1.0" encoding="UTF-8"?>
<!DOCTYPE html PUBLIC "-//W3C//DTD XHTML 1.0 Transitional//EN"
    "http://www.w3.org/TR/xhtml1/DTD/xhtml1-transitional.dtd">
<html xmlns="http://www.w3.org/1999/xhtml" xml:lang="en" lang="en">
 <head>
  <title>
</title>
<meta http-equiv="Content-Type" content="text/html;charset=utf-8" />
  <meta name='ocr-system' content='tesseract 3.04.00' />
  <meta name='ocr-capabilities' content='ocr_page ocr_carea ocr_par ocr_line ocrx_word'/>
</head>
<body>
  <div class='ocr_page' id='page_1' title='image "./tlucreticarider07carugoog_0159.png"; bbox 0 0 2310 3892; ppageno 0'>
   <div class='ocr_carea' id='block_1_1' title="bbox 510 217 537 277">
    <p class='ocr_par' dir='ltr' id='par_1_1' title="bbox 510 217 537 277">
     <span class='ocr_line' id='line_1_1' title="bbox 510 217 537 277; baseline 0 0"><span class='ocrx_word' id='word_1_1' title='bbox 510 217 537 277; x_wconf 87' lang='lat' dir='ltr'>V</span> 
     </span>
    </p>
   </div>
   <div class='ocr_carea' id='block_1_2' title="bbox 57 382 974 3563">
    <p class='ocr_par' dir='ltr' id='par_1_2' title="bbox 108 382 780 463">
     <span class='ocr_line' id='line_1_2' title="bbox 108 382 780 463; baseline 0 -19"><span class='ocrx_word' id='word_1_2' title='bbox 108 383 276 463; x_wconf 77' lang='lat' dir='ltr'><strong>corporibus</strong></span> <span class='ocrx_word' id='word_1_3' title='bbox 289 382 402 462; x_wconf 85' lang='lat' dir='ltr'><strong>liquidis</strong></span> <span class='ocrx_word' id='word_1_4' title='bbox 417 393 482 443; x_wconf 90' lang='lat' dir='ltr'><strong>sunt</strong></span> <span class='ocrx_word' id='word_1_5' title='bbox 494 384 586 443; x_wconf 91' lang='lat' dir='ltr'><strong>omnia</strong></span> <span class='ocrx_word' id='word_1_6' title='bbox 598 401 667 462; x_wconf 91' lang='lat' dir='ltr'><strong>pura</strong></span> <span class='ocrx_word' id='word_1_7' title='bbox 679 382 780 444; x_wconf 87' lang='lat' dir='ltr'><strong>relicta</strong></span> 
     </span>
    </p>

    <p class='ocr_par' dir='ltr' id='par_1_3' title="bbox 57 465 799 882">
     <span class='ocr_line' id='line_1_3' title="bbox 57 465 784 545; baseline -0.008 -14"><span class='ocrx_word' id='word_1_8' title='bbox 57 480 94 531; x_wconf 83' lang='lat'><strong>00</strong></span> <span class='ocrx_word' id='word_1_9' title='bbox 108 477 138 528; x_wconf 91' lang='lat' dir='ltr'><strong>et</strong></span> <span class='ocrx_word' id='word_1_10' title='bbox 150 466 328 528; x_wconf 83' lang='lat' dir='ltr'><strong>levioraaliis</strong></span> <span class='ocrx_word' id='word_1_11' title='bbox 343 466 414 543; x_wconf 82' lang='lat' dir='ltr'><strong>alia,</strong></span> <span class='ocrx_word' id='word_1_12' title='bbox 428 476 458 526; x_wconf 93' lang='lat' dir='ltr'><strong>et</strong></span> <span class='ocrx_word' id='word_1_13' title='bbox 469 465 672 545; x_wconf 79' lang='lat' dir='ltr'><strong>liquidissimus</strong></span> <span class='ocrx_word' id='word_1_14' title='bbox 685 465 784 528; x_wconf 90' lang='lat' dir='ltr'><strong>aetber</strong></span> 
     </span>
     <span class='ocr_line' id='line_1_4' title="bbox 107 549 783 631; baseline 0 -19"><span class='ocrx_word' id='word_1_15' title='bbox 107 560 192 631; x_wconf 89' lang='lat' dir='ltr'><strong>atque</strong></span> <span class='ocrx_word' id='word_1_16' title='bbox 205 550 367 612; x_wconf 82' lang='lat' dir='ltr'><strong>lenissimus</strong></span> <span class='ocrx_word' id='word_1_17' title='bbox 379 552 471 610; x_wconf 73' lang='lat' dir='ltr'><strong>aerias</strong></span> <span class='ocrx_word' id='word_1_18' title='bbox 483 549 670 628; x_wconf 88' lang='lat' dir='ltr'><strong>superinduit</strong></span> <span class='ocrx_word' id='word_1_19' title='bbox 682 568 783 628; x_wconf 87' lang='lat' dir='ltr'><strong>auras,</strong></span> 
     </span>
     <span class='ocr_line' id='line_1_5' title="bbox 105 633 799 714; baseline 0 -19"><span class='ocrx_word' id='word_1_20' title='bbox 105 654 162 696; x_wconf 89' lang='lat' dir='ltr'><strong>nec</strong></span> <span class='ocrx_word' id='word_1_21' title='bbox 177 634 312 714; x_wconf 91' lang='lat' dir='ltr'><strong>liquidum</strong></span> <span class='ocrx_word' id='word_1_22' title='bbox 328 652 432 714; x_wconf 90' lang='lat' dir='ltr'><strong>corpus</strong></span> <span class='ocrx_word' id='word_1_23' title='bbox 445 633 620 694; x_wconf 79' lang='lat' dir='ltr'><strong>turbantibus</strong></span> <span class='ocrx_word' id='word_1_24' title='bbox 631 635 706 694; x_wconf 70' lang='lat' dir='ltr'><strong>aeris</strong></span> <span class='ocrx_word' id='word_1_25' title='bbox 721 638 799 695; x_wconf 88' lang='lat' dir='ltr'><strong>auris</strong></span> 
     </span>
     <span class='ocr_line' id='line_1_6' title="bbox 108 715 752 779; baseline 0.002 -1"><span class='ocrx_word' id='word_1_26' title='bbox 108 721 283 779; x_wconf 89' lang='lat' dir='ltr'><strong>commiscet.</strong></span> <span class='ocrx_word' id='word_1_27' title='bbox 296 719 361 779; x_wconf 90' lang='lat' dir='ltr'><strong>sinit</strong></span> <span class='ocrx_word' id='word_1_28' title='bbox 372 716 419 778; x_wconf 88' lang='lat' dir='ltr'><strong>lrie</strong></span> <span class='ocrx_word' id='word_1_29' title='bbox 429 715 562 778; x_wconf 84' lang='lat' dir='ltr'><strong>violentis</strong></span> <span class='ocrx_word' id='word_1_30' title='bbox 576 718 667 776; x_wconf 91' lang='lat' dir='ltr'><strong>omnia</strong></span> <span class='ocrx_word' id='word_1_31' title='bbox 679 720 752 779; x_wconf 83' lang='lat' dir='ltr'><strong>verti</strong></span> 
     </span>
     <span class='ocr_line' id='line_1_7' title="bbox 107 801 787 882; baseline 0.003 -22"><span class='ocrx_word' id='word_1_32' title='bbox 107 801 282 881; x_wconf 79' lang='lat' dir='ltr'><strong>turbinibus,</strong></span> <span class='ocrx_word' id='word_1_33' title='bbox 297 803 363 862; x_wconf 91' lang='lat' dir='ltr'><strong>sinit</strong></span> <span class='ocrx_word' id='word_1_34' title='bbox 373 802 490 861; x_wconf 88' lang='lat' dir='ltr'><strong>incertis</strong></span> <span class='ocrx_word' id='word_1_35' title='bbox 504 802 618 861; x_wconf 90' lang='lat' dir='ltr'><strong>turbare</strong></span> <span class='ocrx_word' id='word_1_36' title='bbox 629 801 787 882; x_wconf 84' lang='lat' dir='ltr'><strong>procellis,</strong></span> 
     </span>
    </p>

    <p class='ocr_par' dir='ltr' id='par_1_4' title="bbox 57 882 869 1214">
     <span class='ocr_line' id='line_1_8' title="bbox 57 882 737 964; baseline -0.006 -16"><span class='ocrx_word' id='word_1_37' title='bbox 57 897 95 948; x_wconf 71' lang='lat' dir='ltr'><strong>tid</strong></span> <span class='ocrx_word' id='word_1_38' title='bbox 106 888 170 964; x_wconf 88' lang='lat' dir='ltr'><strong>ipse</strong></span> <span class='ocrx_word' id='word_1_39' title='bbox 181 903 250 947; x_wconf 89' lang='lat' dir='ltr'><strong>suos</strong></span> <span class='ocrx_word' id='word_1_40' title='bbox 262 887 335 963; x_wconf 80' lang='lat' dir='ltr'><strong>ignis</strong></span> <span class='ocrx_word' id='word_1_41' title='bbox 349 896 429 946; x_wconf 90' lang='lat' dir='ltr'><strong>certo</strong></span> <span class='ocrx_word' id='word_1_42' title='bbox 442 884 497 945; x_wconf 87' lang='lat' dir='ltr'><strong>fert</strong></span> <span class='ocrx_word' id='word_1_43' title='bbox 508 886 614 963; x_wconf 90' lang='lat' dir='ltr'><strong>impete</strong></span> <span class='ocrx_word' id='word_1_44' title='bbox 627 882 737 946; x_wconf 90' lang='lat' dir='ltr'><strong>labens.</strong></span> 
     </span>
     <span class='ocr_line' id='line_1_9' title="bbox 107 968 869 1047; baseline -0.001 -18"><span class='ocrx_word' id='word_1_45' title='bbox 107 987 170 1029; x_wconf 87' lang='lat' dir='ltr'><strong>nam</strong></span> <span class='ocrx_word' id='word_1_46' title='bbox 181 968 292 1030; x_wconf 88' lang='lat' dir='ltr'><strong>modice</strong></span> <span class='ocrx_word' id='word_1_47' title='bbox 306 969 395 1029; x_wconf 85' lang='lat' dir='ltr'><strong>fluere</strong></span> <span class='ocrx_word' id='word_1_48' title='bbox 406 977 491 1047; x_wconf 88' lang='lat' dir='ltr'><strong>atque</strong></span> <span class='ocrx_word' id='word_1_49' title='bbox 508 985 563 1028; x_wconf 92' lang='lat' dir='ltr'><strong>uno</strong></span> <span class='ocrx_word' id='word_1_50' title='bbox 576 984 665 1046; x_wconf 92' lang='lat' dir='ltr'><strong>posse</strong></span> <span class='ocrx_word' id='word_1_51' title='bbox 679 968 795 1029; x_wconf 88' lang='lat' dir='ltr'><strong>aethera</strong></span> <span class='ocrx_word' id='word_1_52' title='bbox 806 971 869 1031; x_wconf 91' lang='lat' dir='ltr'><strong>nisu</strong></span> 
     </span>
     <span class='ocr_line' id='line_1_10' title="bbox 107 1051 817 1131; baseline 0 -18"><span class='ocrx_word' id='word_1_53' title='bbox 107 1054 248 1130; x_wconf 79' lang='lat' dir='ltr'><strong>significat</strong></span> <span class='ocrx_word' id='word_1_54' title='bbox 256 1052 378 1129; x_wconf 84' lang='lat' dir='ltr'><strong>Pontos,</strong></span> <span class='ocrx_word' id='word_1_55' title='bbox 391 1070 467 1112; x_wconf 91' lang='lat' dir='ltr'><strong>mare</strong></span> <span class='ocrx_word' id='word_1_56' title='bbox 480 1059 560 1112; x_wconf 85' lang='lat' dir='ltr'><strong>certo</strong></span> <span class='ocrx_word' id='word_1_57' title='bbox 572 1051 650 1131; x_wconf 88' lang='lat' dir='ltr'><strong>quod</strong></span> <span class='ocrx_word' id='word_1_58' title='bbox 663 1051 722 1112; x_wconf 87' lang='lat' dir='ltr'><strong>iluit</strong></span> <span class='ocrx_word' id='word_1_59' title='bbox 735 1061 817 1113; x_wconf 88' lang='lat' dir='ltr'><strong>aestu</strong></span> 
     </span>
     <span class='ocr_line' id='line_1_11' title="bbox 106 1135 750 1214; baseline 0.002 -20"><span class='ocrx_word' id='word_1_60' title='bbox 106 1154 191 1196; x_wconf 92' lang='lat' dir='ltr'><strong>uuum</strong></span> <span class='ocrx_word' id='word_1_61' title='bbox 201 1135 315 1197; x_wconf 88' lang='lat' dir='ltr'><strong>labendi</strong></span> <span class='ocrx_word' id='word_1_62' title='bbox 327 1152 499 1197; x_wconf 88' lang='lat' dir='ltr'><strong>conservans</strong></span> <span class='ocrx_word' id='word_1_63' title='bbox 509 1153 601 1214; x_wconf 91' lang='lat' dir='ltr'><strong>usque</strong></span> <span class='ocrx_word' id='word_1_64' title='bbox 613 1145 750 1197; x_wconf 90' lang='lat' dir='ltr'><strong>tenorem.</strong></span> 
     </span>
    </p>

    <p class='ocr_par' dir='ltr' id='par_1_5' title="bbox 57 1217 934 1718">
     <span class='ocr_line' id='line_1_12' title="bbox 136 1217 906 1302; baseline -0.004 -21"><span class='ocrx_word' id='word_1_65' title='bbox 136 1217 151 1302; x_wconf 83' lang='grc' dir='ltr'><strong>Η</strong></span> <span class='ocrx_word' id='word_1_66' title='bbox 164 1220 287 1281; x_wconf 87' lang='lat' dir='ltr'><strong>lllotibus</strong></span> <span class='ocrx_word' id='word_1_67' title='bbox 298 1229 438 1280; x_wconf 78' lang='lat' dir='ltr'><strong>astrorum</strong></span> <span class='ocrx_word' id='word_1_68' title='bbox 448 1238 523 1279; x_wconf 91' lang='lat' dir='ltr'><strong>nunc</strong></span> <span class='ocrx_word' id='word_1_69' title='bbox 534 1236 607 1298; x_wconf 90' lang='lat' dir='ltr'><strong>quae</strong></span> <span class='ocrx_word' id='word_1_70' title='bbox 619 1222 657 1280; x_wconf 86' lang='lat' dir='ltr'><strong>sit</strong></span> <span class='ocrx_word' id='word_1_71' title='bbox 670 1238 755 1281; x_wconf 87' lang='lat' dir='ltr'><strong>causa</strong></span> <span class='ocrx_word' id='word_1_72' title='bbox 767 1237 906 1280; x_wconf 88' lang='lat' dir='ltr'><strong>canamus.</strong></span> 
     </span>
     <span class='ocr_line' id='line_1_13' title="bbox 57 1302 742 1385; baseline 0 -21"><span class='ocrx_word' id='word_1_73' title='bbox 57 1315 95 1366; x_wconf 79' lang='lat' dir='ltr'><strong>do</strong></span> <span class='ocrx_word' id='word_1_74' title='bbox 108 1306 247 1385; x_wconf 90' lang='lat' dir='ltr'><strong>principio</strong></span> <span class='ocrx_word' id='word_1_75' title='bbox 257 1321 374 1380; x_wconf 86' lang='lat' dir='ltr'><strong>magnus</strong></span> <span class='ocrx_word' id='word_1_76' title='bbox 391 1302 463 1364; x_wconf 92' lang='lat' dir='ltr'><strong>caeli</strong></span> <span class='ocrx_word' id='word_1_77' title='bbox 479 1305 504 1363; x_wconf 91' lang='lat' dir='ltr'><strong>si</strong></span> <span class='ocrx_word' id='word_1_78' title='bbox 516 1305 635 1365; x_wconf 83' lang='lat' dir='ltr'><strong>vortitur</strong></span> <span class='ocrx_word' id='word_1_79' title='bbox 647 1304 742 1380; x_wconf 87' lang='lat' dir='ltr'><strong>orbis,</strong></span> 
     </span>
     <span class='ocr_line' id='line_1_14' title="bbox 107 1386 783 1467; baseline -0.003 -18"><span class='ocrx_word' id='word_1_80' title='bbox 107 1407 145 1449; x_wconf 83' lang='lat' dir='ltr'><strong>ex</strong></span> <span class='ocrx_word' id='word_1_81' title='bbox 159 1398 277 1466; x_wconf 89' lang='lat' dir='ltr'><strong>utraque</strong></span> <span class='ocrx_word' id='word_1_82' title='bbox 289 1386 386 1466; x_wconf 91' lang='lat' dir='ltr'><strong>polum</strong></span> <span class='ocrx_word' id='word_1_83' title='bbox 398 1389 469 1466; x_wconf 90' lang='lat' dir='ltr'><strong>parti</strong></span> <span class='ocrx_word' id='word_1_84' title='bbox 481 1404 612 1467; x_wconf 90' lang='lat' dir='ltr'><strong>premere</strong></span> <span class='ocrx_word' id='word_1_85' title='bbox 622 1395 690 1448; x_wconf 74' lang='lat' dir='ltr'><strong>aera</strong></span> <span class='ocrx_word' id='word_1_86' title='bbox 700 1387 783 1448; x_wconf 91' lang='lat' dir='ltr'><strong>nobis</strong></span> 
     </span>
     <span class='ocr_line' id='line_1_15' title="bbox 107 1469 934 1551; baseline 0 -20"><span class='ocrx_word' id='word_1_87' title='bbox 107 1470 256 1533; x_wconf 90' lang='lat' dir='ltr'><strong>dicendum</strong></span> <span class='ocrx_word' id='word_1_88' title='bbox 268 1479 313 1531; x_wconf 89' lang='lat' dir='ltr'><strong>est</strong></span> <span class='ocrx_word' id='word_1_89' title='bbox 328 1480 465 1550; x_wconf 82' lang='lat' dir='ltr'><strong>extraque</strong></span> <span class='ocrx_word' id='word_1_90' title='bbox 479 1482 579 1532; x_wconf 91' lang='lat' dir='ltr'><strong>tenere</strong></span> <span class='ocrx_word' id='word_1_91' title='bbox 591 1480 620 1531; x_wconf 90' lang='lat' dir='ltr'><strong>et</strong></span> <span class='ocrx_word' id='word_1_92' title='bbox 635 1469 768 1531; x_wconf 80' lang='lat' dir='ltr'><strong>claudere</strong></span> <span class='ocrx_word' id='word_1_93' title='bbox 779 1474 934 1551; x_wconf 70' lang='lat' dir='ltr'><strong>utrimquer</strong></span> 
     </span>
     <span class='ocr_line' id='line_1_16' title="bbox 106 1553 891 1634; baseline -0.003 -19"><span class='ocrx_word' id='word_1_94' title='bbox 106 1555 171 1616; x_wconf 92' lang='lat' dir='ltr'><strong>inde</strong></span> <span class='ocrx_word' id='word_1_95' title='bbox 186 1554 270 1616; x_wconf 92' lang='lat' dir='ltr'><strong>alium</strong></span> <span class='ocrx_word' id='word_1_96' title='bbox 281 1572 366 1633; x_wconf 92' lang='lat' dir='ltr'><strong>supra</strong></span> <span class='ocrx_word' id='word_1_97' title='bbox 378 1553 467 1616; x_wconf 87' lang='lat' dir='ltr'><strong>duere</strong></span> <span class='ocrx_word' id='word_1_98' title='bbox 479 1563 564 1634; x_wconf 91' lang='lat' dir='ltr'><strong>atque</strong></span> <span class='ocrx_word' id='word_1_99' title='bbox 579 1554 726 1615; x_wconf 90' lang='lat' dir='ltr'><strong>intendere</strong></span> <span class='ocrx_word' id='word_1_100' title='bbox 742 1553 891 1632; x_wconf 85' lang='lat' dir='ltr'><strong>deorsum,</strong></span> 
     </span>
     <span class='ocr_line' id='line_1_17' title="bbox 106 1637 841 1718; baseline -0.004 -17"><span class='ocrx_word' id='word_1_101' title='bbox 106 1641 177 1702; x_wconf 78' lang='lat' dir='ltr'><strong>bino</strong></span> <span class='ocrx_word' id='word_1_102' title='bbox 187 1638 271 1700; x_wconf 88' lang='lat' dir='ltr'><strong>alium</strong></span> <span class='ocrx_word' id='word_1_103' title='bbox 281 1648 395 1717; x_wconf 85' lang='lat' dir='ltr'><strong>supter,</strong></span> <span class='ocrx_word' id='word_1_104' title='bbox 412 1646 508 1698; x_wconf 84' lang='lat' dir='ltr'><strong>contra</strong></span> <span class='ocrx_word' id='word_1_105' title='bbox 521 1640 568 1718; x_wconf 92' lang='lat' dir='ltr'><strong>qui</strong></span> <span class='ocrx_word' id='word_1_106' title='bbox 578 1637 717 1700; x_wconf 77' lang='lat' dir='ltr'><strong>subvehat</strong></span> <span class='ocrx_word' id='word_1_107' title='bbox 729 1638 841 1707; x_wconf 89' lang='lat' dir='ltr'><strong>orbem;</strong></span> 
     </span>
    </p>

    <p class='ocr_par' dir='ltr' id='par_1_6' title="bbox 57 1721 866 2137">
     <span class='ocr_line' id='line_1_18' title="bbox 57 1721 814 1801; baseline -0.005 -17"><span class='ocrx_word' id='word_1_108' title='bbox 57 1734 94 1784; x_wconf 84' lang='lat'><strong>·15</strong></span> <span class='ocrx_word' id='word_1_109' title='bbox 106 1734 136 1783; x_wconf 93' lang='lat' dir='ltr'><strong>ut</strong></span> <span class='ocrx_word' id='word_1_110' title='bbox 147 1723 248 1784; x_wconf 86' lang='lat' dir='ltr'><strong>lluvios</strong></span> <span class='ocrx_word' id='word_1_111' title='bbox 260 1740 376 1783; x_wconf 87' lang='lat' dir='ltr'><strong>versare</strong></span> <span class='ocrx_word' id='word_1_112' title='bbox 388 1732 465 1783; x_wconf 92' lang='lat' dir='ltr'><strong>rotas</strong></span> <span class='ocrx_word' id='word_1_113' title='bbox 476 1731 561 1801; x_wconf 91' lang='lat' dir='ltr'><strong>atque</strong></span> <span class='ocrx_word' id='word_1_114' title='bbox 573 1732 667 1782; x_wconf 90' lang='lat' dir='ltr'><strong>austra</strong></span> <span class='ocrx_word' id='word_1_115' title='bbox 676 1721 814 1781; x_wconf 90' lang='lat' dir='ltr'><strong>videmus.</strong></span> 
     </span>
     <span class='ocr_line' id='line_1_19' title="bbox 107 1804 768 1888; baseline -0.008 -20"><span class='ocrx_word' id='word_1_116' title='bbox 107 1825 164 1888; x_wconf 94' lang='lat' dir='ltr'><strong>quo</strong></span> <span class='ocrx_word' id='word_1_117' title='bbox 173 1806 315 1867; x_wconf 83' lang='lat' dir='ltr'><strong>volvenda</strong></span> <span class='ocrx_word' id='word_1_118' title='bbox 325 1808 428 1867; x_wconf 85' lang='lat' dir='ltr'><strong>micant</strong></span> <span class='ocrx_word' id='word_1_119' title='bbox 440 1809 547 1866; x_wconf 90' lang='lat' dir='ltr'><strong>aeterni</strong></span> <span class='ocrx_word' id='word_1_120' title='bbox 559 1805 653 1866; x_wconf 90' lang='lat' dir='ltr'><strong>sidera</strong></span> <span class='ocrx_word' id='word_1_121' title='bbox 665 1804 768 1864; x_wconf 90' lang='lat' dir='ltr'><strong>mundi.</strong></span> 
     </span>
     <span class='ocr_line' id='line_1_20' title="bbox 107 1889 866 1970; baseline -0.007 -18"><span class='ocrx_word' id='word_1_122' title='bbox 107 1899 152 1952; x_wconf 86' lang='lat' dir='ltr'><strong>cst</strong></span> <span class='ocrx_word' id='word_1_123' title='bbox 164 1892 248 1952; x_wconf 91' lang='lat' dir='ltr'><strong>etiam</strong></span> <span class='ocrx_word' id='word_1_124' title='bbox 259 1908 374 1970; x_wconf 92' lang='lat' dir='ltr'><strong>quoque</strong></span> <span class='ocrx_word' id='word_1_125' title='bbox 385 1891 425 1950; x_wconf 88' lang='lat' dir='ltr'><strong>uti</strong></span> <span class='ocrx_word' id='word_1_126' title='bbox 435 1891 528 1968; x_wconf 87' lang='lat' dir='ltr'><strong>possit</strong></span> <span class='ocrx_word' id='word_1_127' title='bbox 538 1889 648 1969; x_wconf 84' lang='lat' dir='ltr'><strong>caelum</strong></span> <span class='ocrx_word' id='word_1_128' title='bbox 659 1905 742 1948; x_wconf 90' lang='lat' dir='ltr'><strong>omne</strong></span> <span class='ocrx_word' id='word_1_129' title='bbox 752 1905 866 1948; x_wconf 91' lang='lat' dir='ltr'><strong>manere</strong></span> 
     </span>
     <span class='ocr_line' id='line_1_21' title="bbox 106 1971 813 2052; baseline 0 -18"><span class='ocrx_word' id='word_1_130' title='bbox 106 1975 282 2052; x_wconf 76' lang='lat' dir='ltr'><strong>iactatione,</strong></span> <span class='ocrx_word' id='word_1_131' title='bbox 298 1983 391 2034; x_wconf 90' lang='lat' dir='ltr'><strong>tamen</strong></span> <span class='ocrx_word' id='word_1_132' title='bbox 405 1991 468 2032; x_wconf 89' lang='lat' dir='ltr'><strong>cum</strong></span> <span class='ocrx_word' id='word_1_133' title='bbox 479 1971 573 2033; x_wconf 93' lang='lat' dir='ltr'><strong>lucida</strong></span> <span class='ocrx_word' id='word_1_134' title='bbox 582 1974 662 2050; x_wconf 80' lang='lat' dir='ltr'><strong>signa</strong></span> <span class='ocrx_word' id='word_1_135' title='bbox 673 1971 813 2034; x_wconf 85' lang='lat' dir='ltr'><strong>ferantur:</strong></span> 
     </span>
     <span class='ocr_line' id='line_1_22' title="bbox 106 2053 809 2137; baseline -0.006 -18"><span class='ocrx_word' id='word_1_136' title='bbox 106 2053 257 2137; x_wconf 65' lang='lat' dir='ltr'><strong>sive&#39;quod</strong></span> <span class='ocrx_word' id='word_1_137' title='bbox 266 2056 369 2118; x_wconf 90' lang='lat' dir='ltr'><strong>inclusi</strong></span> <span class='ocrx_word' id='word_1_138' title='bbox 380 2056 470 2136; x_wconf 92' lang='lat' dir='ltr'><strong>rapidi</strong></span> <span class='ocrx_word' id='word_1_139' title='bbox 481 2067 545 2118; x_wconf 90' lang='lat' dir='ltr'><strong>sunt</strong></span> <span class='ocrx_word' id='word_1_140' title='bbox 556 2057 679 2118; x_wconf 88' lang='lat' dir='ltr'><strong>aetben&#39;s</strong></span> <span class='ocrx_word' id='word_1_141' title='bbox 692 2065 809 2133; x_wconf 87' lang='lat' dir='ltr'><strong>aestus,</strong></span> 
     </span>
    </p>

    <p class='ocr_par' dir='ltr' id='par_1_7' title="bbox 57 2142 824 2556">
     <span class='ocr_line' id='line_1_23' title="bbox 57 2142 824 2222; baseline -0.004 -20"><span class='ocrx_word' id='word_1_142' title='bbox 57 2151 95 2203; x_wconf 52' lang='lat'><strong>120</strong></span> <span class='ocrx_word' id='word_1_143' title='bbox 106 2150 334 2222; x_wconf 82' lang='lat' dir='ltr'><strong>quaerentesque</strong></span> <span class='ocrx_word' id='word_1_144' title='bbox 350 2144 423 2201; x_wconf 87' lang='lat' dir='ltr'><strong>viam</strong></span> <span class='ocrx_word' id='word_1_145' title='bbox 435 2142 689 2202; x_wconf 85' lang='lat' dir='ltr'><strong>circumversantur</strong></span> <span class='ocrx_word' id='word_1_146' title='bbox 700 2151 730 2200; x_wconf 90' lang='lat' dir='ltr'><strong>et</strong></span> <span class='ocrx_word' id='word_1_147' title='bbox 741 2142 824 2218; x_wconf 76' lang='lat' dir='ltr'><strong>ignes</strong></span> 
     </span>
     <span class='ocr_line' id='line_1_24' title="bbox 104 2223 754 2306; baseline -0.005 -19"><span class='ocrx_word' id='word_1_148' title='bbox 104 2226 210 2306; x_wconf 83' lang='lat' dir='ltr'><strong>passim</strong></span> <span class='ocrx_word' id='word_1_149' title='bbox 221 2243 275 2304; x_wconf 90' lang='lat' dir='ltr'><strong>per</strong></span> <span class='ocrx_word' id='word_1_150' title='bbox 286 2223 359 2286; x_wconf 90' lang='lat' dir='ltr'><strong>caeli</strong></span> <span class='ocrx_word' id='word_1_151' title='bbox 369 2223 486 2285; x_wconf 81' lang='lat' dir='ltr'><strong>volvunt</strong></span> <span class='ocrx_word' id='word_1_152' title='bbox 497 2227 624 2286; x_wconf 90' lang='lat' dir='ltr'><strong>immania</strong></span> <span class='ocrx_word' id='word_1_153' title='bbox 634 2223 754 2303; x_wconf 89' lang='lat' dir='ltr'><strong>templa;</strong></span> 
     </span>
     <span class='ocr_line' id='line_1_25' title="bbox 105 2307 788 2371; baseline -0.006 -1"><span class='ocrx_word' id='word_1_154' title='bbox 105 2312 166 2371; x_wconf 84' lang='lat' dir='ltr'><strong>sive</strong></span> <span class='ocrx_word' id='word_1_155' title='bbox 177 2307 288 2369; x_wconf 83' lang='lat' dir='ltr'><strong>aliunde</strong></span> <span class='ocrx_word' id='word_1_156' title='bbox 301 2308 391 2369; x_wconf 88' lang='lat' dir='ltr'><strong>lluens</strong></span> <span class='ocrx_word' id='word_1_157' title='bbox 403 2307 533 2369; x_wconf 82' lang='lat' dir='ltr'><strong>alicunde</strong></span> <span class='ocrx_word' id='word_1_158' title='bbox 545 2311 725 2370; x_wconf 80' lang='lat' dir='ltr'><strong>extrinsecus</strong></span> <span class='ocrx_word' id='word_1_159' title='bbox 737 2313 788 2367; x_wconf 74' lang='lat' dir='ltr'><strong>aer</strong></span> 
     </span>
     <span class='ocr_line' id='line_1_26' title="bbox 104 2394 811 2472; baseline -0.004 -18"><span class='ocrx_word' id='word_1_160' title='bbox 104 2403 201 2454; x_wconf 83' lang='lat' dir='ltr'><strong>versat</strong></span> <span class='ocrx_word' id='word_1_161' title='bbox 213 2411 301 2471; x_wconf 84' lang='lat' dir='ltr'><strong>agens</strong></span> <span class='ocrx_word' id='word_1_162' title='bbox 313 2394 402 2470; x_wconf 80' lang='lat' dir='ltr'><strong>ignis;</strong></span> <span class='ocrx_word' id='word_1_163' title='bbox 418 2394 479 2452; x_wconf 88' lang='lat' dir='ltr'><strong>sive</strong></span> <span class='ocrx_word' id='word_1_164' title='bbox 491 2394 546 2472; x_wconf 91' lang='lat' dir='ltr'><strong>ipsi</strong></span> <span class='ocrx_word' id='word_1_165' title='bbox 557 2409 677 2471; x_wconf 85' lang='lat' dir='ltr'><strong>serpere</strong></span> <span class='ocrx_word' id='word_1_166' title='bbox 690 2400 811 2469; x_wconf 90' lang='lat' dir='ltr'><strong>possunt</strong></span> 
     </span>
     <span class='ocr_line' id='line_1_27' title="bbox 106 2476 824 2556; baseline -0.001 -21"><span class='ocrx_word' id='word_1_167' title='bbox 106 2495 161 2556; x_wconf 93' lang='lat' dir='ltr'><strong>quo</strong></span> <span class='ocrx_word' id='word_1_168' title='bbox 173 2479 310 2556; x_wconf 90' lang='lat' dir='ltr'><strong>cuiusque</strong></span> <span class='ocrx_word' id='word_1_169' title='bbox 323 2476 403 2537; x_wconf 91' lang='lat' dir='ltr'><strong>cibus</strong></span> <span class='ocrx_word' id='word_1_170' title='bbox 417 2487 501 2537; x_wconf 83' lang='lat' dir='ltr'><strong>vocat</strong></span> <span class='ocrx_word' id='word_1_171' title='bbox 512 2486 596 2556; x_wconf 93' lang='lat' dir='ltr'><strong>atque</strong></span> <span class='ocrx_word' id='word_1_172' title='bbox 607 2477 704 2537; x_wconf 83' lang='lat' dir='ltr'><strong>inritat</strong></span> <span class='ocrx_word' id='word_1_173' title='bbox 714 2477 824 2551; x_wconf 83' lang='lat' dir='ltr'><strong>euntis,</strong></span> 
     </span>
    </p>

    <p class='ocr_par' dir='ltr' id='par_1_8' title="bbox 57 2559 864 2890">
     <span class='ocr_line' id='line_1_28' title="bbox 57 2559 832 2641; baseline -0.004 -20"><span class='ocrx_word' id='word_1_174' title='bbox 57 2569 92 2622; x_wconf 74' lang='lat'><strong>25</strong></span> <span class='ocrx_word' id='word_1_175' title='bbox 104 2560 230 2621; x_wconf 87' lang='lat' dir='ltr'><strong>llanrmea</strong></span> <span class='ocrx_word' id='word_1_176' title='bbox 244 2579 297 2641; x_wconf 92' lang='lat' dir='ltr'><strong>per</strong></span> <span class='ocrx_word' id='word_1_177' title='bbox 310 2559 419 2621; x_wconf 90' lang='lat' dir='ltr'><strong>eaelum</strong></span> <span class='ocrx_word' id='word_1_178' title='bbox 430 2564 574 2639; x_wconf 87' lang='lat' dir='ltr'><strong>pascentis</strong></span> <span class='ocrx_word' id='word_1_179' title='bbox 587 2577 707 2639; x_wconf 86' lang='lat' dir='ltr'><strong>corpora</strong></span> <span class='ocrx_word' id='word_1_180' title='bbox 718 2560 832 2637; x_wconf 90' lang='lat' dir='ltr'><strong>passim.</strong></span> 
     </span>
     <span class='ocr_line' id='line_1_29' title="bbox 104 2643 864 2723; baseline -0.005 -20"><span class='ocrx_word' id='word_1_181' title='bbox 104 2662 168 2703; x_wconf 87' lang='lat' dir='ltr'><strong>nam</strong></span> <span class='ocrx_word' id='word_1_182' title='bbox 179 2644 247 2723; x_wconf 91' lang='lat' dir='ltr'><strong>quid</strong></span> <span class='ocrx_word' id='word_1_183' title='bbox 257 2647 285 2704; x_wconf 95' lang='lat' dir='ltr'><strong>in</strong></span> <span class='ocrx_word' id='word_1_184' title='bbox 296 2643 352 2705; x_wconf 91' lang='lat' dir='ltr'><strong>boo</strong></span> <span class='ocrx_word' id='word_1_185' title='bbox 361 2643 465 2705; x_wconf 90' lang='lat' dir='ltr'><strong>mundo</strong></span> <span class='ocrx_word' id='word_1_186' title='bbox 479 2646 515 2705; x_wconf 92' lang='lat' dir='ltr'><strong>sit</strong></span> <span class='ocrx_word' id='word_1_187' title='bbox 527 2662 624 2706; x_wconf 89' lang='lat' dir='ltr'><strong>eorum</strong></span> <span class='ocrx_word' id='word_1_188' title='bbox 635 2660 744 2723; x_wconf 91' lang='lat' dir='ltr'><strong>ponere</strong></span> <span class='ocrx_word' id='word_1_189' title='bbox 757 2652 864 2703; x_wconf 91' lang='lat' dir='ltr'><strong>certum</strong></span> 
     </span>
     <span class='ocr_line' id='line_1_30' title="bbox 105 2727 822 2808; baseline -0.004 -20"><span class='ocrx_word' id='word_1_190' title='bbox 105 2727 221 2788; x_wconf 86' lang='lat' dir='ltr'><strong>difficile</strong></span> <span class='ocrx_word' id='word_1_191' title='bbox 234 2737 293 2789; x_wconf 91' lang='lat' dir='ltr'><strong>est:</strong></span> <span class='ocrx_word' id='word_1_192' title='bbox 307 2729 360 2789; x_wconf 89' lang='lat' dir='ltr'><strong>scd</strong></span> <span class='ocrx_word' id='word_1_193' title='bbox 372 2728 439 2807; x_wconf 92' lang='lat' dir='ltr'><strong>quid</strong></span> <span class='ocrx_word' id='word_1_194' title='bbox 453 2730 545 2806; x_wconf 91' lang='lat' dir='ltr'><strong>possit</strong></span> <span class='ocrx_word' id='word_1_195' title='bbox 560 2730 665 2808; x_wconf 84' lang='lat' dir='ltr'><strong>datque</strong></span> <span class='ocrx_word' id='word_1_196' title='bbox 676 2745 730 2808; x_wconf 92' lang='lat' dir='ltr'><strong>per</strong></span> <span class='ocrx_word' id='word_1_197' title='bbox 740 2743 822 2786; x_wconf 91' lang='lat' dir='ltr'><strong>omne</strong></span> 
     </span>
     <span class='ocr_line' id='line_1_31' title="bbox 104 2811 684 2890; baseline 0.002 -19"><span class='ocrx_word' id='word_1_198' title='bbox 104 2814 132 2871; x_wconf 94' lang='lat' dir='ltr'><strong>in</strong></span> <span class='ocrx_word' id='word_1_199' title='bbox 142 2813 226 2873; x_wconf 87' lang='lat' dir='ltr'><strong>variis</strong></span> <span class='ocrx_word' id='word_1_200' title='bbox 240 2811 349 2873; x_wconf 88' lang='lat' dir='ltr'><strong>mundis</strong></span> <span class='ocrx_word' id='word_1_201' title='bbox 359 2814 436 2872; x_wconf 83' lang='lat' dir='ltr'><strong>varia</strong></span> <span class='ocrx_word' id='word_1_202' title='bbox 446 2814 554 2874; x_wconf 91' lang='lat' dir='ltr'><strong>ratione</strong></span> <span class='ocrx_word' id='word_1_203' title='bbox 566 2814 684 2890; x_wconf 86' lang='lat' dir='ltr'><strong>creatis,</strong></span> 
     </span>
    </p>

    <p class='ocr_par' dir='ltr' id='par_1_9' title="bbox 103 2893 834 2976">
     <span class='ocr_line' id='line_1_32' title="bbox 103 2893 834 2976; baseline 0.001 -22"><span class='ocrx_word' id='word_1_204' title='bbox 103 2895 132 2954; x_wconf 92' lang='lat' dir='ltr'><strong>id</strong></span> <span class='ocrx_word' id='word_1_205' title='bbox 143 2893 253 2974; x_wconf 84' lang='lat' dir='ltr'><strong>doceo,</strong></span> <span class='ocrx_word' id='word_1_206' title='bbox 267 2893 415 2974; x_wconf 90' lang='lat' dir='ltr'><strong>plurisque</strong></span> <span class='ocrx_word' id='word_1_207' title='bbox 429 2914 536 2974; x_wconf 88' lang='lat' dir='ltr'><strong>sequor</strong></span> <span class='ocrx_word' id='word_1_208' title='bbox 548 2896 701 2976; x_wconf 90' lang='lat' dir='ltr'><strong>disponere</strong></span> <span class='ocrx_word' id='word_1_209' title='bbox 715 2913 834 2972; x_wconf 88' lang='lat' dir='ltr'><strong>causas,</strong></span> 
     </span>
    </p>

    <p class='ocr_par' dir='ltr' id='par_1_10' title="bbox 57 2979 838 3058">
     <span class='ocr_line' id='line_1_33' title="bbox 57 2979 838 3058; baseline 0 -18"><span class='ocrx_word' id='word_1_210' title='bbox 57 2986 92 3040; x_wconf 83' lang='lat'><strong>30</strong></span> <span class='ocrx_word' id='word_1_211' title='bbox 101 2979 224 3039; x_wconf 88' lang='lat' dir='ltr'><strong>motibus</strong></span> <span class='ocrx_word' id='word_1_212' title='bbox 238 2989 377 3040; x_wconf 86' lang='lat' dir='ltr'><strong>astrorum</strong></span> <span class='ocrx_word' id='word_1_213' title='bbox 389 2998 461 3057; x_wconf 91' lang='lat' dir='ltr'><strong>quae</strong></span> <span class='ocrx_word' id='word_1_214' title='bbox 473 2981 584 3057; x_wconf 90' lang='lat' dir='ltr'><strong>possint</strong></span> <span class='ocrx_word' id='word_1_215' title='bbox 597 2999 663 3041; x_wconf 89' lang='lat' dir='ltr'><strong>csse</strong></span> <span class='ocrx_word' id='word_1_216' title='bbox 675 2996 728 3058; x_wconf 92' lang='lat' dir='ltr'><strong>per</strong></span> <span class='ocrx_word' id='word_1_217' title='bbox 738 2997 838 3046; x_wconf 87' lang='lat' dir='ltr'><strong>omne;</strong></span> 
     </span>
    </p>

    <p class='ocr_par' dir='ltr' id='par_1_11' title="bbox 103 3062 932 3143">
     <span class='ocr_line' id='line_1_34' title="bbox 103 3062 932 3143; baseline -0.001 -22"><span class='ocrx_word' id='word_1_218' title='bbox 103 3082 120 3121; x_wconf 93' lang='lat' dir='ltr'><strong>e</strong></span> <span class='ocrx_word' id='word_1_219' title='bbox 134 3062 234 3142; x_wconf 91' lang='lat' dir='ltr'><strong>quibus</strong></span> <span class='ocrx_word' id='word_1_220' title='bbox 247 3081 301 3123; x_wconf 92' lang='lat' dir='ltr'><strong>una</strong></span> <span class='ocrx_word' id='word_1_221' title='bbox 311 3073 404 3125; x_wconf 90' lang='lat' dir='ltr'><strong>tamen</strong></span> <span class='ocrx_word' id='word_1_222' title='bbox 415 3065 470 3124; x_wconf 88' lang='lat' dir='ltr'><strong>siet</strong></span> <span class='ocrx_word' id='word_1_223' title='bbox 480 3063 527 3124; x_wconf 87' lang='lat' dir='ltr'><strong>hio</strong></span> <span class='ocrx_word' id='word_1_224' title='bbox 539 3081 653 3143; x_wconf 90' lang='lat' dir='ltr'><strong>quoque</strong></span> <span class='ocrx_word' id='word_1_225' title='bbox 665 3080 749 3122; x_wconf 89' lang='lat' dir='ltr'><strong>causa</strong></span> <span class='ocrx_word' id='word_1_226' title='bbox 763 3070 932 3137; x_wconf 85' lang='lat' dir='ltr'><strong>necessest,</strong></span> 
     </span>
    </p>

    <p class='ocr_par' dir='ltr' id='par_1_12' title="bbox 104 3146 833 3227">
     <span class='ocr_line' id='line_1_35' title="bbox 104 3146 833 3227; baseline -0.001 -22"><span class='ocrx_word' id='word_1_227' title='bbox 104 3164 177 3224; x_wconf 89' lang='lat' dir='ltr'><strong>quae</strong></span> <span class='ocrx_word' id='word_1_228' title='bbox 187 3157 292 3225; x_wconf 82' lang='lat' dir='ltr'><strong>vegeat</strong></span> <span class='ocrx_word' id='word_1_229' title='bbox 307 3156 412 3217; x_wconf 91' lang='lat' dir='ltr'><strong>motum</strong></span> <span class='ocrx_word' id='word_1_230' title='bbox 425 3149 529 3225; x_wconf 77' lang='lat' dir='ltr'><strong>signis:</strong></span> <span class='ocrx_word' id='word_1_231' title='bbox 542 3146 594 3209; x_wconf 91' lang='lat' dir='ltr'><strong>sed</strong></span> <span class='ocrx_word' id='word_1_232' title='bbox 605 3163 678 3227; x_wconf 87' lang='lat' dir='ltr'><strong>quae</strong></span> <span class='ocrx_word' id='word_1_233' title='bbox 690 3147 727 3205; x_wconf 88' lang='lat' dir='ltr'><strong>sit</strong></span> <span class='ocrx_word' id='word_1_234' title='bbox 738 3162 833 3206; x_wconf 90' lang='lat' dir='ltr'><strong>earum</strong></span> 
     </span>
    </p>

    <p class='ocr_par' dir='ltr' id='par_1_13' title="bbox 104 3223 974 3393">
     <span class='ocr_line' id='line_1_36' title="bbox 104 3223 974 3311; baseline 0 -24"><span class='ocrx_word' id='word_1_235' title='bbox 104 3232 272 3309; x_wconf 83' lang='lat' dir='ltr'><strong>praecipere</strong></span> <span class='ocrx_word' id='word_1_236' title='bbox 283 3230 517 3310; x_wconf 82' lang='lat' dir='ltr'><strong>hautquaquamst</strong></span> <span class='ocrx_word' id='word_1_237' title='bbox 527 3230 711 3311; x_wconf 85' lang='lat' dir='ltr'><strong>pedetentim</strong></span> <span class='ocrx_word' id='word_1_238' title='bbox 722 3227 943 3308; x_wconf 75' lang='lat' dir='ltr'><strong>progredientis.</strong></span> <span class='ocrx_word' id='word_1_239' title='bbox 960 3223 974 3308; x_wconf 82' lang='grc' dir='ltr'><strong>ΙΙ</strong></span> 
     </span>
     <span class='ocr_line' id='line_1_37' title="bbox 145 3312 868 3393; baseline -0.003 -20"><span class='ocrx_word' id='word_1_240' title='bbox 145 3312 288 3392; x_wconf 86' lang='lat' dir='ltr'><strong>Terraque</strong></span> <span class='ocrx_word' id='word_1_241' title='bbox 299 3324 329 3374; x_wconf 93' lang='lat' dir='ltr'><strong>ut</strong></span> <span class='ocrx_word' id='word_1_242' title='bbox 339 3315 366 3374; x_wconf 92' lang='lat' dir='ltr'><strong>in</strong></span> <span class='ocrx_word' id='word_1_243' title='bbox 377 3315 469 3376; x_wconf 86' lang='lat' dir='ltr'><strong>media</strong></span> <span class='ocrx_word' id='word_1_244' title='bbox 482 3314 576 3375; x_wconf 89' lang='lat' dir='ltr'><strong>mundi</strong></span> <span class='ocrx_word' id='word_1_245' title='bbox 587 3317 707 3393; x_wconf 76' lang='lat' dir='ltr'><strong>regione</strong></span> <span class='ocrx_word' id='word_1_246' title='bbox 722 3312 868 3391; x_wconf 90' lang='lat' dir='ltr'><strong>quiescat,</strong></span> 
     </span>
    </p>

    <p class='ocr_par' dir='ltr' id='par_1_14' title="bbox 57 3396 825 3563">
     <span class='ocr_line' id='line_1_38' title="bbox 57 3396 773 3478; baseline -0.001 -20"><span class='ocrx_word' id='word_1_247' title='bbox 57 3404 90 3458; x_wconf 77' lang='lat'><strong>3⁵</strong></span> <span class='ocrx_word' id='word_1_248' title='bbox 102 3415 277 3458; x_wconf 84' lang='lat' dir='ltr'><strong>evanescere</strong></span> <span class='ocrx_word' id='word_1_249' title='bbox 291 3397 465 3478; x_wconf 88' lang='lat' dir='ltr'><strong>paulatimet</strong></span> <span class='ocrx_word' id='word_1_250' title='bbox 478 3398 650 3460; x_wconf 89' lang='lat' dir='ltr'><strong>decrescere</strong></span> <span class='ocrx_word' id='word_1_251' title='bbox 661 3396 773 3477; x_wconf 93' lang='lat' dir='ltr'><strong>pondus</strong></span> 
     </span>
     <span class='ocr_line' id='line_1_39' title="bbox 103 3478 825 3563; baseline -0.001 -22"><span class='ocrx_word' id='word_1_252' title='bbox 103 3483 250 3559; x_wconf 83' lang='lat' dir='ltr'><strong>convenit,</strong></span> <span class='ocrx_word' id='word_1_253' title='bbox 266 3491 351 3561; x_wconf 89' lang='lat' dir='ltr'><strong>atque</strong></span> <span class='ocrx_word' id='word_1_254' title='bbox 363 3481 444 3542; x_wconf 90' lang='lat' dir='ltr'><strong>uliam</strong></span> <span class='ocrx_word' id='word_1_255' title='bbox 455 3493 579 3543; x_wconf 90' lang='lat' dir='ltr'><strong>naturam</strong></span> <span class='ocrx_word' id='word_1_256' title='bbox 591 3492 690 3563; x_wconf 88' lang='lat' dir='ltr'><strong>supter</strong></span> <span class='ocrx_word' id='word_1_257' title='bbox 700 3478 825 3556; x_wconf 85' lang='lat' dir='ltr'><strong>babere,</strong></span> 
     </span>
    </p>
   </div>
   <div class='ocr_carea' id='block_1_3' title="bbox 0 0 1160 3892">
    <p class='ocr_par' dir='ltr' id='par_1_15' title="bbox 0 0 1160 3892">
     <span class='ocr_line' id='line_1_40' title="bbox 0 0 1160 3892; baseline 0 0"><span class='ocrx_word' id='word_1_258' title='bbox 0 0 1160 3892; x_wconf 95' lang='lat' dir='ltr'><strong> </strong></span> 
     </span>
    </p>
   </div>
  </div>
 </body>
</html>
