2288 3886
116 203 157 267 14
608 192 622 251 1

200 368 253 431 sed
263 369 351 445 magis
364 377 393 428 ut
404 368 505 428 merito
516 366 612 446 possis
625 377 727 427 eventa
738 384 842 428 vocare

201 455 349 530 corporis,
366 460 451 530 atque
462 449 537 528 loci,
555 452 642 511 resin
655 468 711 530 quo
725 469 855 530 quaeque
869 462 1013 530 gerantur,

245 533 372 614 Corpora
384 544 448 595 sunt
459 550 545 613 porro
557 536 655 613 partim
666 534 817 613 primordia
827 553 938 614 rerum,

202 621 302 699 partim
315 617 437 680 concilio
449 635 521 696 quae
534 628 663 678 constant
677 620 886 698 principiorum.

137 714 188 769 485
200 703 253 765 sed
267 720 339 782 quae
351 711 415 763 sunt
426 720 520 761 rerum
531 702 699 781 primordia,
719 701 794 763 nulla
806 712 903 780 potest
914 706 957 763 vis

202 789 362 865 stinguere:
373 803 436 845 nam
448 785 540 847 solido
552 788 667 847 vincunt
679 804 713 846 ea
725 803 846 865 corpore
860 786 980 846 demum.

203 873 258 932 etsi
270 869 386 930 diiiicile
398 889 464 931 esse
475 869 587 929 vitietur
601 870 720 930 credere
732 872 881 949 quicquam

203 957 231 1014 in
242 954 328 1014 rebus
341 953 433 1014 solido
446 955 566 1032 reperiri
579 971 701 1032 corpore
712 972 810 1032 posse.

202 1039 301 1099 transit
313 1040 387 1099 enim
399 1037 505 1097 fulmen
518 1035 643 1115 caelum,
656 1056 709 1117 per
720 1045 819 1117 saepta
830 1036 975 1096 domorum

140 1134 192 1189 490
204 1124 310 1185 clamor
323 1125 344 1181 it
358 1140 391 1182 ac
403 1139 509 1198 voces,
523 1120 627 1180 ferrum
640 1120 785 1182 candescit
797 1123 825 1179 in
836 1122 911 1198 igni,

204 1206 399 1284 dissiliuntque
413 1206 475 1264 iero
486 1205 624 1265 ferventia
636 1223 704 1265 sana
714 1223 836 1284 vapore:

203 1301 261 1352 tum
274 1289 460 1350 labefactatus
471 1290 550 1365 rigor
563 1290 622 1347 auri
633 1288 752 1349 solvitur
766 1297 862 1349 aestu:

202 1386 260 1435 tum
271 1372 381 1450 glacies
393 1373 466 1431 acris
480 1371 587 1430 llamma
603 1371 714 1432 devicta
724 1372 875 1451 liquescit,

203 1465 346 1538 permanat
358 1454 436 1515 calor
448 1463 595 1533 argentum
606 1455 809 1534 penetraleque
821 1455 927 1536 frigus,

140 1553 191 1606 495
203 1539 314 1620 quando
325 1549 472 1618 utrumqne
487 1557 568 1599 manu
578 1541 733 1600 retinentes
744 1538 847 1619 pocula
859 1541 912 1600 rite

204 1626 343 1687 sensimus
354 1621 448 1683 infuso
461 1621 635 1702 lympharum
646 1641 712 1683 rore
724 1641 857 1703 superne.

204 1726 294 1787 usque
309 1707 380 1767 adeo
394 1709 421 1766 in
432 1707 518 1766 rebus
533 1706 617 1767 solidi
626 1705 665 1765 nil
677 1726 744 1768 essa
755 1708 874 1767 ridetur.

203 1792 255 1853 sed
267 1793 331 1870 quia
341 1809 409 1851 vcra
421 1800 513 1851 tamen
525 1793 596 1850 ratio
607 1800 760 1871 naturaque
773 1807 866 1852 rerum

204 1878 297 1953 cogit,
310 1875 396 1952 ades,
409 1876 507 1954 paucis
520 1875 584 1935 dum
595 1876 725 1935 versibus
738 1875 921 1954 expediamus

139 1972 191 2024 500
202 1978 269 2021 esse
283 1977 402 2038 eaquae
416 1957 508 2019 solido
520 1969 605 2039 atque
616 1968 733 2018 aeterno
747 1977 869 2038 corpore
881 1971 1032 2040 constent,

202 2045 309 2103 semina
320 2060 392 2121 quae
404 2060 497 2102 rerum
508 2043 715 2121 primordiaque
731 2062 798 2103 esse
810 2045 962 2123 docemus,

201 2126 276 2186 unde
289 2127 379 2185 omnis
390 2143 485 2185 rerum
495 2144 569 2185 nunc
585 2135 697 2187 constet
708 2145 814 2188 summa
829 2140 930 2191 creata.

244 2209 386 2288 Principio
400 2211 530 2288 quoniam
543 2209 651 2290 duplex
662 2219 758 2271 natura
770 2211 884 2272 duarum

201 2293 344 2354 dissimilis
355 2311 449 2354 rerum
460 2293 546 2373 longe
560 2304 691 2355 constare
702 2306 860 2374 repertast,

137 2389 188 2443 505
201 2379 348 2458 corporis,
360 2387 445 2458 atque
457 2377 531 2457 loci,
543 2397 591 2440 res
603 2381 698 2458 inquo
710 2398 840 2459 quaeque
852 2390 1004 2459 geruntur,

202 2482 269 2525 esse
281 2471 426 2542 utramque
442 2464 496 2522 sibi
509 2481 605 2542 perse
618 2480 772 2542 puramque
784 2474 944 2526 necessest.

200 2565 263 2608 nam
276 2565 453 2625 quacumque
463 2556 545 2606 vacat
556 2549 692 2625 spatium,
707 2547 782 2624 quod
793 2550 874 2608 inanc
888 2566 1043 2625 vocamus,

202 2647 307 2708 corpus
319 2647 352 2688 ea
363 2647 419 2688 non
430 2636 489 2688 est:
502 2646 556 2706 qua
567 2646 653 2706 porro
666 2647 786 2707 cumque
799 2641 877 2691 tenet
888 2651 921 2692 se

202 2730 324 2791 corpus,
338 2730 371 2770 ea
385 2729 505 2771 vacuum
515 2729 693 2790 nequaquam
707 2721 817 2773 constat
829 2716 920 2775 inane.

137 2806 189 2860 510
202 2805 267 2858 sunt
282 2797 368 2872 igitur
379 2793 469 2856 solida
479 2812 513 2854 ac
525 2797 586 2855 sine
599 2797 672 2855 inani
688 2813 809 2875 corpora
822 2801 918 2877 prima.

200 2890 350 2960 pmeterea
362 2880 491 2958 quoniam
502 2880 606 2956 genitis
618 2882 646 2939 in
659 2878 745 2941 rebus
757 2881 883 2959 inanest,

200 2963 346 3024 materiem
361 2965 467 3023 circum
478 2963 597 3023 solidam
610 2972 740 3024 constare
751 2975 917 3027 necessest·

200 3067 256 3108 nec
267 3065 316 3107 res
327 3044 384 3106 ulla
396 3055 494 3126 potest
505 3066 573 3108 uera
583 3049 691 3109 ratione
705 3050 819 3127 probari

202 3148 325 3210 corpore
336 3134 417 3191 inane
430 3148 482 3190 suo
496 3130 590 3192 celare
600 3142 686 3210 atque
698 3134 772 3193 intus
783 3132 907 3210 habere,

136 3224 187 3279 ⁶15
198 3216 223 3276 si
234 3233 307 3292 non,
322 3215 398 3294 quod
409 3215 541 3292 cohibet,
554 3215 674 3276 solidum
687 3226 817 3276 constare
829 3216 988 3296 relinquas·

199 3298 227 3358 id
243 3316 329 3378 porro
340 3299 380 3359 nil
394 3317 461 3359 esse
473 3309 570 3377 potest
585 3301 639 3359 nisi
653 3301 778 3360 materiai

200 3382 367 3460 concilium,
382 3382 457 3462 quod
469 3384 550 3443 inane
566 3392 650 3462 queat
661 3402 760 3443 verum
772 3384 916 3445 cohibere.

198 3469 330 3528 materies
343 3469 444 3545 igitur,
458 3466 550 3527 solido
566 3485 638 3546 quae
651 3485 773 3547 corpore
787 3476 913 3545 constat,
