2288 3886
521 173 546 232 ll

66 351 109 406 too
118 343 240 421 antiquis
257 359 295 401 ex
308 339 453 401 ordinibus
464 349 593 420 permota
604 357 677 403 nova
689 360 721 402 re

119 425 308 488 conciliantur
317 428 355 485 ita
367 434 397 484 nt
408 424 513 485 debent
525 424 651 486 animalia
661 428 748 506 gigni.

118 510 222 573 deinde
236 528 288 588 ea,
301 509 454 570 sensilibus
467 512 514 589 qui
525 509 632 570 sensile
644 528 731 590 posse
744 516 834 572 creari

119 596 313 671 constituunt,
326 611 412 673 porro
427 612 465 654 ex
479 593 541 655 aliis
553 596 659 654 sentire
672 598 762 656 suetis

117 679 215 741 mollia
228 678 397 738 conficiunt:
414 696 477 737 nam
488 697 590 739 sensus
602 680 726 757 iungitur
738 683 827 741 omnis

63 772 107 828 905
119 764 284 825 visceribus
298 764 394 822 nervis
406 762 506 840 uenis,
519 781 591 841 quae
604 773 704 823 cuneta
717 764 845 825 videmus

118 848 217 909 mollia
227 845 339 908 mortali
351 848 512 908 consistere
526 864 648 925 corpore
661 857 748 907 creta.

118 933 174 996 sed
185 943 280 993 tamen
292 941 355 992 esto
367 933 421 991 iam
432 948 521 1009 posse
533 930 605 992 baec
616 940 731 992 aeterna
745 950 874 995 manere:

117 1034 225 1095 nempe
237 1024 330 1076 tamen
342 1015 449 1076 debent
460 1024 506 1074 ant
518 1033 632 1076 sensnm
643 1018 730 1094 partis
742 1015 849 1078 habere

119 1111 168 1162 ant
180 1099 264 1161 simili
275 1102 344 1160 totis
358 1099 523 1160 animalibus
536 1118 603 1159 esse
615 1102 715 1178 putari.

63 1194 107 1248 llo
118 1195 147 1246 at
161 1193 305 1262 nequeant
320 1202 373 1262 per
384 1203 417 1243 se
429 1193 525 1263 partes
540 1186 647 1244 sentire
658 1203 782 1244 necesse
795 1195 856 1245 est:

119 1287 184 1328 nam
197 1269 270 1328 ratio
283 1287 386 1329 sensus
399 1268 589 1328 membrorum
600 1271 710 1348 respuit
723 1270 829 1347 omnis,

120 1370 177 1414 nec
187 1369 286 1411 manns
297 1369 314 1411 a
327 1352 409 1413 nobis
425 1354 500 1430 potis
513 1362 558 1413 est
571 1362 684 1413 secreta
696 1372 790 1432 neque
802 1354 859 1414 ulla

121 1438 256 1515 corporis
269 1439 380 1496 omnino
393 1454 508 1497 sensum
520 1455 585 1515 pars
601 1436 663 1498 sola
674 1447 785 1499 tenere.

119 1521 258 1599 linquitur
269 1530 299 1580 ut
311 1522 378 1581 totis
389 1521 574 1582 animantibus
588 1521 799 1583 adsimulantnr.

63 1614 108 1668 915
119 1607 164 1667 sic
175 1604 274 1665 itidem
286 1623 358 1683 qnae
371 1608 508 1665 sentimus
520 1607 626 1666 sentire
637 1616 807 1685 necessest,

120 1689 201 1750 vitali
213 1698 245 1749 nt
255 1690 366 1768 possint
379 1693 541 1750 consentire
552 1690 676 1769 undique
690 1710 787 1752 sensu.

122 1776 170 1853 qui
184 1782 321 1854 poterunt
330 1775 415 1852 igitur
424 1792 519 1834 rerum
530 1773 681 1852 primordia
696 1774 752 1834 dici

123 1867 152 1918 et
165 1858 218 1918 leti
230 1859 321 1918 vitare
336 1860 415 1935 vias,
431 1856 558 1917 animalia
570 1876 633 1916 cum
647 1859 719 1934 sint,

123 1953 209 2021 atque
224 1940 350 2001 animalia
361 1944 416 2002 sint
430 1940 595 2003 mortalibus
609 1959 663 2000 una
676 1940 854 2022 eademqne?

63 2033 111 2087 lto
123 2027 202 2106 quod
213 2037 307 2087 tamen
319 2036 348 2086 ut
360 2029 488 2105 possint,
501 2036 529 2086 at
541 2036 627 2087 coetu
644 2025 824 2106 concilioque

122 2110 161 2171 nil
177 2111 283 2171 facient
294 2119 409 2183 praeter
419 2110 536 2188 volgum
548 2112 714 2191 turbamque
727 2115 913 2194 animantum,

124 2194 256 2272 seilicet,
269 2204 299 2255 nt
310 2204 455 2273 nequeunt
465 2194 596 2257 homines
608 2205 732 2256 armenta
744 2198 880 2278 feraeque

124 2282 200 2339 inter
212 2297 280 2339 sese
295 2278 381 2338 ullam
392 2297 453 2338 rem
464 2281 585 2357 gignere
599 2282 805 2342 conveniundo.

102 2414 111 2437 ,
125 2363 203 2442 quod
218 2365 242 2424 si
259 2362 334 2422 lorte
346 2381 427 2423 snum
440 2363 578 2423 dimittunt
591 2381 714 2440 corpore
725 2384 841 2425 sensum

67 2451 114 2506 925
126 2458 211 2526 atque
223 2446 308 2507 alium
321 2449 450 2526 capiunt,
465 2447 532 2526 qnid
544 2465 616 2526 opus
632 2446 685 2506 luit
696 2447 816 2507 adtribui
832 2449 861 2508 id
874 2448 953 2527 quod

128 2527 306 2591 detrahitur?
318 2541 376 2591 tum
389 2542 555 2610 praeterea,
569 2530 646 2609 qnod
656 2530 778 2608 fuginms
794 2540 876 2611 ante,

127 2624 266 2695 quatenus
278 2619 306 2676 in
316 2615 412 2695 pullos
428 2615 553 2676 animalis
566 2617 673 2677 vertier
683 2633 736 2676 ova

128 2702 270 2761 cernimus
281 2699 414 2778 alituum,
427 2702 590 2780 vermisque
604 2701 764 2778 effervere,
777 2710 881 2762 terram

126 2785 344 2863 intempestivos
361 2804 446 2863 quom
460 2795 545 2865 putor
557 2787 635 2864 cepit
647 2787 684 2846 ob
697 2786 812 2862 imbris,

68 2871 117 2928 930
128 2870 203 2929 scire
217 2868 288 2930 licet
300 2871 379 2947 gigni
393 2887 481 2948 posse
494 2888 532 2929 ex
545 2888 601 2928 non
613 2871 738 2930 sensibu'
751 2889 865 2930 seusus.

170 2952 254 3026 Quod
265 2955 290 3014 si
302 2952 376 3015 lorte
388 2953 489 3031 aliquis
503 2952 596 3030 dicet,
610 2953 770 3031 dumtaxat,
787 2956 855 3013 oriri

128 3055 217 3117 posse
233 3055 338 3098 ennon
351 3055 438 3098 sensu
454 3056 570 3097 sensnm
581 3038 784 3115 mutabilitate,

129 3132 176 3182 aut
187 3121 282 3201 aliquo
295 3131 435 3201 tamquam
448 3131 530 3200 partu
546 3120 623 3199 qnod
634 3122 762 3201 proditur
773 3131 870 3199 extra,

129 3204 195 3266 huic
209 3208 277 3267 satis
288 3205 359 3266 illud
371 3208 424 3266 erit
438 3204 551 3284 planum
564 3205 662 3265 lacere
674 3216 759 3286 atque
771 3206 912 3287 probare,

70 3291 118 3350 935
131 3307 187 3350 uon
200 3290 262 3350 lieri
273 3300 384 3369 partum
394 3293 449 3352 nisi
463 3289 587 3350 concilio
599 3298 663 3350 ante
679 3299 799 3368 coacto,

130 3391 185 3434 nec
199 3376 351 3455 quicquam
364 3375 527 3435 commutari
539 3375 600 3434 sine
617 3374 779 3434 conciliatu.

130 3459 269 3539 principio
280 3467 425 3539 nequeunt
437 3459 521 3520 ullius
534 3460 664 3538 corporis
676 3477 744 3521 esse
