2288 3886
117 162 160 227 24
425 216 428 220 .
609 158 623 218 1

202 331 264 391 sive
281 329 362 389 cibos
373 329 463 388 omnis
476 329 627 386 commixto
639 344 763 406 corpore
775 328 871 388 dicent

203 431 271 475 esse
283 421 313 472 et
326 411 432 472 habere
444 413 472 470 in
483 428 516 470 se
529 429 680 471 nervorum
694 426 814 490 corpora
826 430 913 491 parva

202 514 325 574 ossaque
338 504 367 556 et
379 497 490 555 omnino
504 512 591 554 venas
604 497 749 573 partisque
765 499 892 575 cruoris,

203 582 251 641 liet
263 583 303 640 uti
316 580 397 639 cibus
409 579 518 656 omnis,
533 588 563 638 et
573 576 666 640 aridus
680 588 710 638 et
721 578 816 658 liquor
831 583 912 659 ipse,

134 675 186 731 865
199 683 237 725 ex
247 663 415 742 alienigenis
426 663 513 723 rebus
525 672 657 723 constare
670 663 802 741 putetur,

202 748 315 809 ossibus
328 757 357 808 et
368 749 464 807 nervis
478 748 614 825 sanieque
629 756 659 806 et
670 749 808 824 sanguine
821 750 934 807 mixtim.

200 841 350 913 praeterea
362 848 558 909 quaecumque
571 840 675 891 eterra
688 849 809 911 corpora
822 843 954 893 crescunt

200 918 225 978 si
236 924 300 977 sunt
309 918 337 974 in
349 917 450 993 terris,
465 925 568 975 terram
587 924 718 976 constare
730 926 882 977 necessest

201 1019 239 1061 ex
249 1000 434 1076 alienigenis,
448 1016 521 1077 quae
533 1000 616 1058 terris
630 1002 803 1059 exoriuntur.

135 1091 188 1151 eto
198 1083 321 1145 transfer
332 1086 417 1160 item,
430 1082 548 1142 totidem
559 1083 655 1143 verbis
668 1093 746 1143 utare
759 1084 865 1144 licebit.

108 1165 112 1171 ’
200 1171 227 1228 in
240 1168 324 1246 lignis
337 1169 362 1228 si
373 1167 481 1227 ilamma
493 1165 562 1227 latet
574 1166 725 1250 fumusque
737 1170 882 1246 cinisque,

200 1271 237 1313 ex
251 1252 419 1329 alienigenis
433 1252 589 1311 consistant
601 1249 678 1328 ligna
689 1261 849 1312 necessest.

199 1345 350 1417 praeterea
360 1335 447 1395 tellus
460 1352 533 1414 qnae
546 1352 666 1413 corpora
679 1353 799 1414 cumque
812 1336 878 1413 alit,
891 1346 976 1413 auget

201 1439 237 1481 ex
248 1418 434 1496 alienigenis,
450 1436 522 1496 quae
535 1417 702 1496 alienigenis
714 1422 848 1479 oriuntur.

136 1513 188 1569 876
241 1503 386 1581 Linquitur
396 1503 443 1562 laio
456 1501 591 1580 quaedam
602 1502 725 1563 latitandi
738 1506 820 1583 copia
832 1507 943 1582 tenvis,

200 1588 228 1647 id
241 1585 317 1666 quod
326 1587 509 1664 Anaxagoras
522 1587 576 1647 sibi
587 1589 686 1664 sumit,
700 1598 729 1648 ut
742 1589 870 1648 omnibus
882 1591 972 1648 omnis

201 1690 249 1732 res
261 1680 342 1750 putet
356 1672 484 1731 inmixtas
496 1670 582 1730 rebus
595 1670 723 1748 latitare,
736 1672 788 1732 sed
799 1670 869 1731 illud

203 1773 342 1835 apparere
356 1773 460 1832 unum,
474 1757 554 1815 cuius
567 1756 622 1815 sint
634 1754 752 1833 plurima
763 1758 847 1816 mixta

201 1849 229 1901 et
241 1841 330 1918 magis
345 1841 516 1918 inpromptu
529 1841 674 1918 primaque
687 1840 713 1898 in
725 1840 818 1900 fronte
830 1839 931 1900 locata.

136 1932 189 1988 880
201 1923 277 2004 quod
289 1934 409 1984 tamena
422 1942 491 1984 vera
503 1923 590 2001 longe
603 1925 712 1983 ratione
724 1923 906 2003 repulsumst.

202 2009 390 2069 conveniebat
403 2010 476 2067 enim
488 2009 587 2084 fruges
601 2025 716 2085 quoque
728 2026 833 2086 saepe,
846 2010 946 2067 minaci

199 2092 304 2153 robore
320 2110 383 2150 cum
393 2093 453 2151 saxi
463 2091 646 2169 tranguntur,
665 2093 776 2151 mittere
789 2095 900 2170 signum

200 2177 343 2253 sanguinis
356 2185 402 2234 aut
414 2174 536 2253 aliquid,
549 2184 648 2235 nostro
661 2193 732 2253 quae
747 2193 869 2255 corpore
881 2176 1010 2247 alamans

202 2277 266 2320 cum
276 2257 362 2338 lapidi
374 2257 497 2339 lapidem
508 2260 623 2320 terimus
635 2305 643 2337 ,
655 2277 766 2320 manare
780 2278 918 2320 cruorem.

134 2350 188 2408 885
202 2343 341 2405 consimili
352 2346 462 2404 ratione
473 2342 576 2404 herbas
590 2361 704 2424 quoque
720 2362 808 2424 saepe
821 2345 942 2406 decebat

201 2438 229 2490 et
241 2427 333 2491 laticis
347 2427 437 2490 dulcis
450 2439 543 2507 guttas
556 2427 696 2508 similique
708 2447 811 2509 sapore

199 2515 327 2590 mittere,
340 2511 484 2591 lanigerae
496 2513 571 2592 quali
583 2523 647 2573 sunt
659 2513 748 2573 ubere
760 2512 860 2589 lactis,

200 2597 329 2673 scilicet,
343 2606 372 2656 et
383 2597 477 2674 glebis
487 2607 624 2657 terrarum
636 2615 725 2675 saepe
737 2598 825 2657 friatis

199 2681 348 2741 herbarum
359 2698 465 2756 genera
479 2689 508 2739 et
520 2679 618 2756 fruges
632 2679 805 2759 frondesque
818 2681 908 2741 videri

134 2771 189 2829 890
199 2764 346 2844 dispertita
357 2765 431 2822 inter
442 2773 543 2823 terram
555 2762 663 2824 latitare
675 2766 796 2842 minute,

198 2856 344 2928 postremo
357 2849 384 2906 in
395 2846 479 2926 lignis
493 2851 616 2908 cinerem
628 2848 789 2928 fumumque
800 2850 906 2926 rideri,

200 2950 262 2993 curn
274 2929 433 3010 praefracta
444 2933 557 3010 forent,
570 2935 701 3012 ignisque
713 2933 804 2994 latere
816 2936 947 2993 minutos.

199 3033 317 3096 quorum
329 3015 367 3075 nil
380 3016 441 3076 lieri
453 3019 582 3095 quoniam
593 3018 741 3078 manifesta
751 3018 836 3078 dccet
847 3036 906 3094 res,

199 3103 274 3161 scire
288 3099 357 3161 licet
369 3117 425 3159 non
436 3120 503 3162 esse
516 3103 544 3160 in
554 3101 641 3162 rebus
653 3121 701 3163 res
712 3104 750 3162 ita
761 3104 877 3179 mixtas,

133 3191 185 3249 895
199 3202 298 3244 verum
309 3186 416 3245 semina
427 3185 596 3246 multimodis
609 3188 721 3246 inmixta
732 3187 822 3246 latere

197 3268 344 3328 multarum
355 3287 448 3329 rerum
459 3271 487 3328 in
500 3271 587 3331 rebus
600 3273 756 3331 eommunia
767 3270 882 3330 debent.

234 3343 286 3412 ‘m
298 3370 387 3431 saepe
398 3356 426 3413 in
437 3348 548 3431 magnis
558 3355 587 3414 iit
599 3354 749 3414 montibus'
761 3345 905 3432 inquis‘ut
916 3352 980 3413 altis

197 3437 346 3497 arboribus
361 3437 454 3496 vicina
467 3440 609 3498 cacumina
621 3455 727 3499 summa
739 3445 864 3498 terantur
