2288 3886
130 176 174 241 92
608 175 649 236 1v

220 357 252 408 ut
261 364 414 427 puerorum
425 356 504 408 aetas
514 346 662 427 inprovida
677 345 839 407 ludificetur

168 443 201 495 15
215 431 359 492 labrorum
370 439 471 509 tenus,
484 433 593 492 interea
605 438 741 511 perpotet
752 446 874 490 amarum

216 514 338 576 absinthi
349 513 478 592 laticem,
491 514 671 594 deceptaque
682 532 738 574 uon
754 515 897 592 capiatur,

217 598 270 659 sed
282 601 376 677 potins
387 598 436 659 teli
449 608 533 678 pacto
545 608 674 659 recreata
683 598 829 674 valescat,

218 684 262 744 sic
274 700 331 761 ego
342 702 432 760 nunc,
445 684 576 761 quoniam
586 682 660 742 haec
668 684 739 743 ratio
751 680 920 760 plerumque
931 681 1046 745 videtur

218 768 326 827 tristior
337 785 404 827 esse
417 767 519 845 quibus
532 776 645 826 nonest
657 775 790 842 tractata,
803 774 940 843 retroque

165 861 202 913 20
216 849 320 928 volgus
333 849 466 910 abhorret
477 851 513 910 ab
525 849 595 927 hac,
609 849 687 910 volui
698 851 750 910 tibi
761 848 970 927 suaviloquenti

218 936 340 995 carmine
351 933 444 994 Pierio
455 937 592 994 rationem
609 951 755 1012 exponere
767 942 891 994 nostram

217 1026 247 1078 et
258 1020 337 1096 quasi
351 1035 466 1079 musaeo
478 1017 555 1077 dulci
567 1005 733 1096 contingere
744 1016 846 1085 melle;

217 1105 242 1163 si
253 1103 303 1162 tibi
314 1102 389 1163 forte
401 1104 520 1161 animum
530 1101 578 1161 tali
589 1104 698 1164 ratione
709 1110 810 1162 tenere

124 1243 129 1257 ,
217 1186 348 1246 versibus
359 1189 387 1245 in
398 1189 504 1246 nostris
514 1203 646 1264 possem,
659 1185 724 1245 dum
734 1184 861 1264 percipis
874 1202 986 1246 omnem

168 1281 203 1332 25
218 1280 343 1330 naturam
354 1288 447 1329 rerum
458 1287 492 1329 ac
503 1271 646 1348 persentis
657 1268 813 1330 utilitatem.
831 1266 844 1351 ΙΙ

259 1353 356 1431 Atque
367 1355 449 1412 animi
461 1355 592 1431 quoniam
603 1352 688 1414 docui
699 1361 796 1414 natura
808 1352 875 1432 quid
887 1361 968 1412 esset

218 1439 361 1515 atquibus
373 1437 489 1497 erebus
502 1455 565 1496 cnm
578 1454 701 1515 corpore
714 1447 826 1515 compta
836 1439 950 1515 vigeret

220 1538 313 1599 quove
324 1520 408 1580 modo
420 1520 554 1581 distracta
564 1521 671 1580 rediret
682 1523 710 1580 in
722 1521 799 1581 ordia
815 1523 919 1600 prima,

218 1622 293 1663 nnnc
304 1622 392 1683 agere
403 1606 535 1683 incipiam
547 1604 613 1683 tibi,
627 1604 704 1683 quod
714 1616 861 1665 vemenler
876 1604 910 1664 ad
922 1605 972 1665 has
985 1624 1035 1668 res

171 1698 207 1752 30
221 1690 336 1767 attinet,
349 1707 416 1749 esse
428 1705 545 1766 eaquae
557 1706 651 1748 rernm
663 1688 812 1750 simulacra
823 1706 973 1757 vocamus;

219 1791 307 1851 quae,
320 1775 400 1851 quasi
413 1772 591 1833 membranae
603 1790 711 1833 summo
722 1771 759 1833 de
775 1790 898 1851 corpore
910 1791 1004 1832 rerum

219 1858 372 1936 dereptae,
383 1855 501 1918 volitant
512 1856 645 1934 ultroque
658 1859 788 1935 citroque
803 1875 857 1936 per
867 1874 964 1934 auras,

216 1951 302 2020 atque
314 1940 413 2002 eadem
422 1940 505 2001 nobis
519 1940 701 2018 vigilantibus
713 1941 796 2000 ohvia
806 1950 916 2001 mentes

217 2024 371 2084 terrificant
382 2034 466 2101 atque
478 2026 506 2083 in
517 2026 639 2100 somnis,
656 2042 720 2083 cum
731 2042 819 2103 saepe
832 2026 935 2102 figuras

165 2117 200 2170 35
219 2109 375 2168 contuimur
386 2109 469 2167 miras
482 2108 688 2185 simulacraque
699 2105 765 2168 luce
778 2119 937 2186 carentum,

217 2209 290 2269 quae
301 2208 353 2251 nos
365 2191 497 2251 homilioe
509 2190 669 2268 languentis
681 2210 768 2271 saepe
781 2210 887 2272 sopore

217 2277 378 2344 excierunt;
389 2295 426 2336 ne
437 2276 511 2335 torte
523 2277 626 2336 animas
638 2274 803 2337 Acherunte
813 2295 924 2337 reamur

217 2359 347 2438 effugere
359 2369 405 2420 aut
416 2359 528 2420 umbras
539 2362 613 2421 inter
624 2362 705 2420 vivos
717 2360 854 2436 volitare,

219 2462 293 2504 neve
304 2443 409 2523 aliquid
418 2446 508 2504 nostri
520 2454 587 2522 post
597 2454 717 2504 mortem
728 2462 817 2523 posse
833 2444 973 2523 relinqui,

169 2537 204 2591 40
222 2546 285 2588 cum
297 2546 402 2607 corpus
413 2528 496 2589 simul
508 2537 592 2606 atque
605 2530 687 2588 animi
697 2538 794 2589 natura
807 2539 955 2608 perempta

217 2614 244 2671 in
257 2630 307 2671 sua
319 2611 478 2673 discessum
489 2610 618 2671 dederint
629 2611 780 2690 primordia
791 2615 903 2690 cuique.

257 2694 331 2756 Dico
343 2697 428 2773 igitur
437 2712 531 2755 rerum
542 2694 654 2773 effigias
665 2698 817 2776 tenuisque
828 2698 932 2774 figuras

216 2780 321 2838 mittier
332 2779 367 2838 ab
379 2778 483 2857 rebus,
497 2796 605 2839 summo
617 2779 654 2840 de
666 2797 788 2859 corpore
799 2798 909 2858 rerum,

217 2879 289 2942 quae
301 2864 381 2941 quasi
391 2863 569 2924 membranae
580 2863 627 2924 vel
641 2873 740 2924 cortex
750 2863 980 2941 nominitandast,

164 2955 199 3009 45
215 2945 291 3027 quod
303 2949 431 3026 speciem
443 2965 477 3008 ae
489 2947 606 3008 formam
618 2947 738 3010 similem
751 2951 825 3026 gerit
837 2951 898 3009 eius
910 2950 1019 3028 imago,

216 3033 420 3109 cuiuscumque
435 3031 513 3092 cluet
524 3031 560 3092 de
573 3049 696 3109 corpore
708 3031 771 3092 lusa
780 3034 886 3110 vagari.

213 3116 243 3176 id
253 3114 323 3176 licet
333 3115 398 3176 hinc
410 3118 536 3194 quumvis
548 3114 645 3176 hebeti
658 3133 838 3194 cognoscere
851 3115 948 3176 corde.

215 3198 281 3279 [sed
292 3201 423 3278 quoniam
434 3200 519 3260 docui
531 3209 694 3260 cunctarum
707 3200 823 3260 exordia
834 3219 935 3261 rerum,

214 3282 306 3363 unalia
318 3286 373 3345 siut
385 3294 413 3344 et
426 3302 509 3363 qnam
519 3286 604 3344 variis
617 3282 746 3344 distantia
758 3285 856 3345 formis

164 3380 199 3430 50
214 3376 318 3447 sponte
330 3386 380 3429 sua
391 3368 511 3428 volitent
521 3367 631 3429 alterno
643 3370 752 3446 percita
762 3379 836 3428 motu

213 3468 327 3531 quoque
338 3452 422 3512 modo
433 3453 526 3531 possit
537 3470 585 3513 res
598 3469 635 3512 ex
646 3451 690 3512 his
702 3470 833 3531 quaeque
846 3453 948 3531 creari]
