2288 3886
51 224 54 228 ,
120 159 183 225 110
596 158 634 218 111

202 346 240 388 ex
252 326 310 388 alto
323 329 441 407 primum
456 326 520 404 quia
531 327 580 385 vix
595 327 730 386 emittitur
741 342 780 385 ex
790 342 838 384 re:

200 429 263 470 narn
274 413 387 490 penitus
399 409 489 469 fluere
501 418 586 488 atque
597 410 738 469 recedere
748 408 837 468 rebus
852 406 959 472 odores

201 496 342 572 significat
353 493 430 573 quod
441 492 530 553 fracta
541 495 630 571 magis
641 492 775 553 redolere
786 491 918 552 videntur

137 587 188 645 695
201 580 309 656 omnia,
326 577 402 657 quod
415 579 552 654 contrita,
566 577 642 656 quod
653 579 712 654 igni
722 574 919 637 conlabefacta

200 662 304 723 deinde
315 661 414 723 ridere
426 660 496 721 lioet
508 661 660 721 maioribus
674 679 741 721 esse
758 669 884 720 creatum

199 747 346 826 principiis
359 762 442 824 quam
452 762 525 823 vox,
543 747 673 823 quoniam
686 762 739 823 per
750 762 837 804 saxea
848 752 948 825 saepta

199 848 256 890 non
267 837 415 909 penetrat,
429 846 484 906 qua
493 845 552 887 uox
563 828 651 906 volgo
667 830 834 906 sonitusque
846 828 983 889 derantur.

200 931 288 993 quare
303 915 386 973 etiam
399 912 475 991 quod
488 911 548 972 olet
559 930 615 972 non
627 923 682 972 tam
694 911 779 972 100110
792 931 859 973 0000
871 913 983 973 videbis

133 1005 185 1062 700
198 999 372 1074 investigare
384 999 412 1055 in
424 1015 479 1074 qua
492 1000 529 1057 sit
540 999 659 1073 regione
675 995 814 1056 locatam:

199 1081 363 1159 refrigescit
375 1082 449 1141 enim
461 1081 619 1141 cunctando
631 1080 715 1159 plaga
725 1099 779 1159 per
789 1097 888 1156 auras,

199 1185 255 1226 nec
269 1164 359 1227 calida
371 1164 406 1225 ad
418 1183 533 1225 sensum
546 1166 699 1225 decurrunt
712 1166 806 1225 nuntia
819 1181 923 1223 rernm.

200 1259 294 1311 emant
306 1267 395 1327 saepe
408 1267 495 1310 canes
507 1252 603 1327 itaque
615 1259 644 1310 et
655 1251 776 1325 vestigia
793 1256 939 1326 quaerunt.

63 1403 67 1410 ¹
231 1333 244 1417 Η
259 1332 322 1394 Nec
335 1342 429 1392 tamen
440 1332 496 1393 hoc
509 1332 579 1394 solis
591 1336 619 1392 in
631 1333 766 1393 odoribus
778 1342 863 1410 atque
875 1349 1009 1410 saporum

136 1425 187 1482 705
198 1421 227 1479 10
238 1427 395 1497 generest,
408 1416 459 1477 sed
471 1419 538 1476 item
550 1420 667 1496 species
679 1435 772 1476 reram
784 1425 869 1494 atque
886 1414 1002 1477 colores

198 1520 255 1564 non
266 1504 303 1562 ita
316 1503 487 1561 conveniunt
498 1501 533 1561 ad
544 1520 647 1562 sensus
660 1501 788 1561 omnibus
800 1518 917 1578 omnes,

199 1595 229 1647 ut
240 1603 297 1646 non
308 1587 364 1645 siut
375 1583 436 1645 aliis
452 1585 589 1664 quaedam
603 1586 692 1662 magis
703 1586 779 1645 acria
789 1586 862 1644 visu.

200 1671 363 1751 quinetiam
374 1666 497 1747 gallum,
510 1679 625 1730 noctem
636 1668 875 1748 explaudentibus
889 1666 942 1728 0110

199 1772 328 1815 auroram
340 1751 416 1813 clara
428 1764 595 1815 consuetum
606 1772 681 1814 voce
692 1770 815 1829 vocare,

136 1845 188 1900 710
198 1856 293 1899 00000
308 1847 414 1917 queunt
425 1838 515 1898 rabidi
528 1849 626 1899 contra
639 1848 770 1899 constare
782 1835 884 1897 leones

200 1926 286 2003 inque
297 1924 385 1984 tueri:
397 1925 436 1982 ita
447 1925 581 1983 contiuuo
592 1924 746 1982 meminere
758 1922 852 1998 fugai,

200 2010 347 2083 nimirum,
362 2009 425 2085 quia
436 2017 500 2066 sunt
514 2006 653 2084 gallorum
664 2008 692 2065 iu
703 2023 827 2084 corpore
840 2005 976 2084 quaedam

200 2093 324 2167 semina,
339 2108 412 2168 quae
427 2108 490 2149 cum
502 2100 566 2151 sunt
579 2088 670 2150 oculis
682 2090 797 2150 inmissa
808 2088 939 2168 leonum,

200 2173 323 2253 pupillas
336 2172 519 2234 interfodiunt
530 2192 682 2252 acremque
696 2173 824 2235 dolorem

137 2263 188 2317 715
200 2259 356 2337 praebent,
369 2267 399 2318 ut
410 2267 552 2337 nequeant
565 2267 663 2318 contra
675 2258 775 2318 durare
787 2257 918 2326 feroces;

202 2360 265 2403 cum
276 2353 369 2404 tamen
380 2342 452 2402 baec
465 2352 576 2404 nostras
588 2344 667 2403 acies
676 2342 715 2402 nil
725 2342 841 2403 laedere
852 2345 980 2421 possint,

200 2437 247 2487 aut
259 2429 324 2508 quia
335 2444 392 2487 non
402 2438 568 2507 penetrant,
581 2438 627 2488 aut
640 2428 716 2506 quod
728 2426 942 2507 penetrantibus
955 2426 1013 2488 11110

200 2513 293 2573 exitus
306 2530 343 2572 ex
354 2510 446 2572 oculis
458 2512 533 2572 liber
545 2512 642 2589 datur,
654 2514 682 2571 in
693 2510 861 2572 remorando

200 2594 317 2656 laedere
329 2615 365 2655 ne
377 2597 488 2675 possint
499 2614 535 2655 ex
547 2594 604 2654 0110
617 2595 720 2656 lumina
730 2605 821 2675 parte.
838 2593 852 2678 Η

138 2683 189 2739 720
241 2677 324 2738 Νο00
336 2697 407 2756 age,
422 2696 494 2758 quae
505 2689 637 2739 moveant
648 2681 767 2739 animum
777 2699 824 2740 res
836 2680 956 2758 accipe,
969 2689 998 2740 et
1013 2683 1090 2744 unde

200 2780 273 2842 quae
284 2764 399 2822 veniunt
411 2763 524 2822 veniant
535 2763 564 2821 in
574 2773 698 2824 mentem
709 2765 828 2844 percipe
839 2766 948 2843 paucis.

199 2847 341 2926 principio
351 2846 408 2906 boc
420 2845 502 2923 dico,
514 2864 608 2905 rerum
620 2848 770 2909 simulacra
779 2851 877 2925 vagari

200 2928 286 2990 multa
297 2930 388 2992 modis
401 2929 495 2991 multis
508 2932 536 2990 in
549 2941 665 2993 cunctas
676 2932 800 3011 undiquc
813 2934 901 3011 partis

199 3016 310 3092 tenvia,
323 3033 396 3093 quae
407 3014 491 3075 100110
504 3017 578 3076 inter
588 3035 621 3077 00
633 3019 785 3094 iunguntur
795 3018 824 3075 in
838 3019 932 3094 auris,

137 3103 187 3159 705
200 3100 285 3159 obvia
297 3118 361 3160 cum
372 3101 505 3177 veniunt,
520 3110 550 3161 ut
562 3118 664 3161 aranea
676 3103 843 3179 bratteaque
855 3103 923 3162 auri.

201 3184 307 3262 qnippe
321 3186 426 3245 etenim
437 3183 525 3265 multo
538 3187 627 3261 magis
639 3185 712 3246 baec
723 3195 787 3246 sunt
798 3187 893 3246 tenvia
904 3193 985 3244 textu

200 3285 283 3346 qnam
296 3287 368 3346 quae
381 3270 543 3348 percipiunt
556 3269 656 3330 oculos
671 3272 820 3348 visumque
833 3267 999 3347 lacessunt,

202 3354 332 3429 corporis
345 3353 417 3413 haec
430 3355 561 3431 quoniam
572 3362 722 3432 penetrant
739 3372 793 3432 per
808 3372 884 3432 rara,
901 3355 1035 3432 cientque

203 3443 317 3495 tenvem
330 3439 412 3496 animi
422 3446 546 3498 naturam
558 3439 632 3500 intus
645 3456 819 3518 sensumque
831 3437 986 3515 lacessunt.
