2288 3886
530 184 570 246 iv

131 354 273 433 principio
285 353 415 432 quoniam
427 352 536 411 mittunt
546 353 574 411 in
585 351 672 411 nehus
684 351 792 429 apertis

134 455 257 517 corpora
267 455 316 496 res
327 435 448 512 multae,
461 438 562 513 partim
573 434 673 514 diliusa
685 433 798 512 solute,

132 523 237 583 robora
251 539 304 581 cen
317 520 421 579 fumum
431 520 541 579 mittum
552 520 692 598 ignesque
706 536 860 596 vaporem,

76 618 116 671 55
135 615 164 667 et
176 607 276 684 partim
288 613 421 664 contexta
430 604 520 681 magis
534 602 751 682 condensaque,
765 611 794 662 ut
807 602 875 663 olim
941 674 943 681 Ι

136 708 200 750 cum
210 690 312 750 teretis
323 696 432 768 ponunt
442 688 552 748 tunicas
563 695 672 748 aestate
685 687 818 764 cicadae,

136 784 165 834 et
176 773 257 834 vituli
269 790 331 831 cunr
343 771 518 832 membranas
534 769 569 830 de
583 787 705 849 corpore
719 788 826 830 summo

135 865 287 918 nascentes
299 858 426 932 mittunt,
439 864 468 915 et
480 858 547 914 item
561 872 624 914 cum
634 853 743 915 lubrica
755 874 875 934 serpens

136 943 213 1002 exuit
223 943 251 1001 in
262 942 352 1020 spinis
363 948 488 1000 vestem:
499 957 562 999 nam
573 956 662 1018 saepe
672 936 800 1000 videmus

77 1039 118 1092 oo
133 1026 247 1086 illomm
259 1023 360 1103 spoliis
370 1042 476 1102 vepres
487 1022 669 1083 volitantibus
681 1031 792 1083 auctas:

136 1128 210 1188 quae
221 1109 351 1187 quoniam
363 1108 447 1184 liunt,
458 1109 551 1167 tenuis
565 1123 679 1186 quoque
691 1105 778 1166 debet
788 1108 880 1184 imago

136 1195 171 1255 ah
183 1196 271 1254 rebus
282 1193 370 1268 mitti,
382 1208 489 1252 summo
503 1191 539 1251 de
552 1207 674 1269 corpore
686 1208 788 1251 rerum.

135 1296 199 1338 nam
212 1295 263 1337 cur
273 1276 321 1337 illa
334 1276 433 1336 cadant
444 1277 534 1356 magis
546 1276 581 1337 ah
593 1275 737 1358 rebusque
747 1278 886 1341 recedant

137 1380 219 1441 qnam
232 1379 304 1440 quae
315 1362 410 1421 tenuia
421 1372 502 1443 sunt,
517 1361 674 1424 hiscendist
684 1363 760 1423 nulla
771 1368 916 1443 potestas3

82 1457 121 1512 65
135 1447 304 1526 praesertim
316 1462 380 1505 cum
392 1447 446 1506 sint
457 1447 485 1505 in
496 1448 611 1507 summis
623 1465 744 1527 corpora
756 1449 843 1509 rebus

137 1529 223 1590 multa
234 1531 353 1607 minuta,
365 1530 419 1589 iaci
432 1547 504 1608 qnae
515 1533 626 1610 possint
638 1533 736 1592 ordine
748 1533 851 1593 eodem

137 1633 195 1694 quo
207 1613 325 1690 inerint,
339 1623 369 1674 et
380 1612 479 1674 formai
490 1627 605 1676 servare
617 1617 749 1695 iignmm,
784 1617 789 1625 '

137 1707 168 1759 et
180 1697 269 1758 multo
281 1699 380 1775 citius,
394 1707 497 1777 quanto
508 1701 599 1760 minus
609 1701 768 1780 indupediri

137 1800 228 1862 pauca
240 1790 346 1860 queunt
360 1790 390 1842 et
401 1799 482 1860 qaae
493 1793 557 1842 sunt
569 1785 657 1861 prima
669 1784 763 1843 fronte
773 1784 876 1845 locata.

84 1876 121 1931 70
135 1885 199 1926 nam
209 1875 290 1926 certe
301 1867 395 1926 iacere
408 1884 442 1925 ac
452 1864 550 1943 largiri
560 1865 647 1927 multa
658 1867 803 1945 videmus,

136 1968 193 2010 non
205 1948 297 2010 solum
308 1949 411 2010 exalto
422 1951 611 2029 penitusque,
623 1959 653 2010 ut
665 1951 784 2013 diximus
795 1961 877 2030 ante,

134 2051 234 2096 verum
249 2035 285 2093 de
296 2035 410 2094 summis
425 2036 519 2113 ipsum
530 2052 644 2114 quoque
659 2054 748 2114 saepe
761 2036 896 2098 colorem.

136 2128 165 2179 et
180 2117 267 2194 volgo
278 2117 384 2178 faciunt
395 2116 423 2177 id
433 2117 510 2179 lutea
519 2137 657 2200 russaque
667 2120 733 2183 vela

137 2211 167 2263 et
177 2202 337 2280 ferrugine,
354 2220 433 2281 cum,
448 2206 556 2281 magnis
568 2207 674 2264 intenta
683 2205 820 2284 theatris,

85 2297 121 2352 75
137 2305 191 2366 per
201 2285 290 2347 malos
301 2285 415 2365 volgata
426 2287 580 2366 trabesque
592 2292 740 2349 trementia
755 2290 866 2350 ilutant:

136 2389 255 2450 namque
268 2370 306 2430 ihi
318 2387 486 2432 consessum
498 2373 595 2432 caveai
606 2382 706 2450 supter
720 2383 749 2433 et
761 2391 872 2432 omnem

137 2456 251 2516 scaenai
262 2457 391 2534 speciem
403 2455 507 2515 clamm
518 2457 679 2533 variamque
691 2455 824 2515 deorsum
912 2476 915 2481 ·

136 2539 262 2599 inliciunt
272 2547 436 2618 coguntque
447 2558 499 2601 suo
511 2539 619 2601 fluitare
633 2540 745 2600 colore:

137 2631 167 2683 et
178 2631 283 2702 quanto
294 2625 401 2684 circum
412 2643 494 2702 mage
506 2633 570 2686 sunt
581 2623 690 2686 inclusa
700 2625 801 2686 theatri

84 2717 123 2771 80
136 2708 263 2786 moenie,
276 2716 332 2768 tam
343 2710 432 2786 magis
443 2708 516 2769 haec
527 2713 602 2771 intus
614 2710 730 2788 perlusa
740 2710 842 2790 lepore

136 2793 227 2852 omnia
240 2791 386 2852 conrident
398 2801 530 2871 correpta
542 2793 607 2855 luce
619 2795 684 2854 diei.

137 2891 208 2953 ergo
221 2874 306 2935 lintea
318 2876 354 2935 de
366 2893 473 2937 summo
487 2895 550 2936 cum
563 2895 685 2956 conpore
697 2878 793 2938 fucum

136 2961 262 3037 mittunt,
276 2949 386 3037 eiiigias
400 2975 513 3039 quoque
526 2960 630 3021 dehent
642 2964 754 3022 mittere
765 2965 858 3026 tenvis

136 3061 184 3103 res
196 3061 344 3121 quaeque,
358 3060 394 3102 ex
407 3061 514 3103 summo
526 3047 655 3123 quoniam
666 3045 822 3106 iaculantur
836 3054 963 3123 utraque.

82 3135 119 3190 85
137 3136 200 3188 sunt
211 3129 297 3206 igitur
307 3128 360 3186 iam
371 3126 520 3187 formarum
531 3131 652 3207 vestigia
664 3139 758 3208 certa,

137 3230 209 3289 quae
220 3211 309 3290 volgo
321 3210 439 3272 uolitant
450 3213 547 3291 suptili
558 3212 684 3293 pmedita
696 3212 743 3274 iilo

135 3314 191 3356 nec
202 3295 365 3375 singillatim
375 3307 495 3374 possunt
507 3306 620 3357 secreta
629 3295 729 3357 videri.

136 3389 286 3458 praeterea
297 3381 385 3441 omnis
400 3379 486 3459 odor,
499 3380 607 3459 inmas,
619 3399 724 3462 vapor,
737 3391 822 3462 atque
834 3383 906 3444 aliae
916 3401 966 3443 res

137 3463 317 3542 consimiles,
330 3462 396 3525 ideo
408 3463 508 3526 diffusa
520 3484 536 3525 e
547 3466 633 3526 nehus
646 3465 804 3548 abundant,
