2288 3886
121 215 181 278 102
601 213 641 274 lV

203 382 429 466 quandoquidem
439 381 542 460 longos
558 384 651 444 obitus
667 391 766 442 exorta
780 384 926 461 revisunt,

204 486 268 528 curu
282 484 433 547 permensa
444 485 497 527 suo
509 477 574 528 sunt
586 466 696 528 caelum
709 485 832 546 corpore
846 466 934 528 claro.

204 550 306 631 solque
317 553 377 630 pari
389 553 498 611 ratione
508 568 622 611 manere
635 559 664 611 et
675 550 741 610 luna
751 551 883 611 videntur

203 637 231 696 in
242 637 380 712 statione,
394 653 508 714 eaquae
524 634 593 695 ferri
603 653 651 696 res
662 634 766 695 indicat
777 637 849 714 ipsa.

139 729 190 782 395
203 729 314 780 exstant
325 737 416 797 usque
429 719 531 796 procul
542 719 635 778 medio
647 719 683 779 de
693 721 807 797 gurgite
819 722 939 798 montis,

204 803 345 864 classibus
356 805 430 862 inter
442 820 513 881 quos
524 802 599 863 liber
611 812 689 883 patet
702 805 795 864 exitus
807 805 924 882 ingens:

203 887 293 948 insula
307 888 465 948 coniunctis
477 896 569 948 tamen
581 905 618 947 ex
632 887 676 948 his
688 905 742 948 nna
751 886 872 947 videtur.

203 974 272 1034 atria
284 973 392 1032 versari
406 981 435 1031 et
451 973 674 1031 circumcursare
688 969 835 1031 columnae

203 1055 379 1136 usqueadeo
392 1056 421 1115 lit
434 1057 472 1115 uti
485 1057 581 1134 pueris
592 1056 757 1132 videantur,
767 1055 815 1115 ubi
825 1057 880 1134 ipsi

140 1149 192 1204 400
205 1140 349 1202 desierunt
360 1142 449 1216 verti,
462 1140 509 1198 vix
524 1140 618 1200 utiam
629 1139 750 1201 credere
761 1141 872 1218 possint

203 1243 261 1286 non
271 1243 357 1304 supra
368 1242 436 1284 sese
448 1242 533 1284 ruere
545 1226 637 1284 omnia
648 1232 726 1284 tecta
736 1225 841 1283 minari.

203 1312 314 1388 iamque
325 1307 439 1367 rubrum
452 1306 580 1368 tremulis
592 1309 673 1367 iubar
683 1307 796 1386 ignibus
808 1310 923 1386 erigere
936 1306 994 1368 alte

204 1412 268 1455 cum
280 1401 395 1469 coeptat
405 1401 502 1451 natura
513 1409 655 1471 supraque
667 1390 808 1452 extollere
823 1401 952 1469 montes,

204 1494 277 1556 quos
288 1476 339 1536 tibi
350 1485 409 1535 tum
419 1493 506 1553 supra
517 1475 562 1536 sol
574 1477 676 1536 montis
692 1493 759 1536 esse
770 1476 883 1537 videtur

139 1571 190 1623 405
205 1561 359 1621 cornminus
371 1561 435 1638 ipse
446 1577 498 1620 sno
511 1561 678 1637 contingens
691 1559 817 1621 fervidus
829 1561 903 1638 igni,

202 1647 251 1705 vix
267 1645 367 1704 absunt
377 1644 459 1704 nobis
470 1646 573 1705 missus
587 1645 630 1705 bis
641 1642 719 1704 mille
730 1646 869 1723 sagittae,
919 1690 926 1703 .

203 1731 251 1789 vix
263 1729 345 1789 etiam
357 1746 457 1790 cursus
470 1731 640 1808 quingentos
652 1746 740 1808 saepe
751 1731 858 1788 veruti:

203 1815 341 1874 intereos
353 1812 503 1892 solemque
513 1815 606 1873 iacent
618 1814 744 1873 immania
755 1814 835 1892 ponti

202 1915 328 1977 aequora
339 1897 479 1958 substrata
490 1898 623 1958 aetheriis
635 1897 797 1975 ingentibus
810 1898 885 1974 oris,

141 1991 193 2045 410
202 1983 408 2059 interiectaque
420 1992 485 2042 sunt
496 1991 633 2042 terrarum
643 1979 718 2040 milia
727 1980 831 2058 multa,

203 2083 276 2144 quae
288 2066 382 2123 variae
393 2067 515 2124 retinent
526 2074 630 2141 gentes
643 2072 672 2124 et
683 2063 780 2137 saecla
791 2064 923 2125 ferarum.

203 2159 231 2211 at
243 2146 392 2208 conlectus
404 2164 492 2225 aquae
504 2147 687 2226 digitumnou
698 2147 891 2228 alberonem,

204 2226 251 2311 q'ui
262 2230 373 2309 lapidos
385 2233 458 2291 inter
470 2234 544 2293 sistit
555 2251 609 2312 per
620 2241 707 2292 strata
717 2234 840 2311 viarum,

105 2374 107 2378 Α
204 2315 373 2395 despectum
383 2317 502 2396 praebet
514 2317 566 2377 sub
577 2327 667 2378 terras
678 2319 775 2396 inpete
787 2327 881 2396 tanto,

138 2409 189 2462 415
202 2420 218 2461 a
229 2402 313 2462 terris
324 2410 457 2479 qnantum
469 2400 541 2462 caeli
553 2411 631 2480 patet
646 2401 719 2462 altus
730 2401 837 2470 hiatus;

202 2484 297 2545 nubile
309 2485 451 2564 dispicere
468 2495 497 2545 et
509 2485 618 2546 caelum
630 2495 659 2545 ut
672 2485 787 2547 videare
799 2484 899 2545 videre
915 2495 945 2546 et

204 2585 326 2647 corpora
337 2569 455 2628 miraelo
469 2569 522 2628 sub
533 2579 624 2630 terras
636 2569 729 2629 abdita
741 2568 823 2630 caeli.

204 2653 326 2730 denique
338 2652 386 2711 ubi
396 2653 425 2710 in
435 2653 529 2710 medio
540 2653 622 2713 nobis
634 2671 725 2731 equus
740 2671 809 2713 acer
819 2653 950 2714 obhaesit

205 2735 317 2794 domine
333 2743 362 2795 et
373 2737 400 2792 in
411 2735 523 2813 rapidus
535 2738 622 2796 aminis
635 2736 819 2816 despeximus
831 2737 935 2815 undas,

139 2831 191 2882 420
204 2820 301 2879 stantis
314 2819 380 2896 equi
393 2836 497 2896 corpus
509 2827 700 2881 transversum
712 2821 788 2882 lerre
802 2821 915 2881 videtur

203 2905 247 2964 vis
259 2911 288 2962 et
299 2904 326 2962 in
343 2901 493 2963 adversum
505 2902 609 2964 flumen
621 2904 792 2965 contrudere
804 2907 923 2984 raptim,

202 2996 231 3047 et
243 3004 423 3066 quocumque
436 2987 537 3049 oculos
548 2991 710 3049 traiecimus
722 2990 814 3049 omnia
825 2989 894 3049 terri

203 3080 231 3131 et
243 3071 332 3131 fluere
344 3071 463 3131 adsimili
474 3073 557 3133 nobis
568 3075 678 3134 ratione
688 3072 827 3132 videntur.

202 3157 330 3234 porticus
342 3155 455 3234 aequali
467 3159 594 3235 quamvis
605 3166 650 3217 est
662 3157 784 3235 denique
797 3157 883 3218 dnotu

137 3249 188 3302 425
202 3248 336 3318 stansque
348 3242 557 3319 inperpetuum
568 3242 683 3320 paribus
700 3239 814 3301 suffulta
825 3240 983 3319 columnis,

132 3331 134 3335 '
201 3323 287 3400 longa
298 3333 391 3384 tamen
402 3333 483 3402 purte
495 3326 530 3384 ab
542 3343 649 3386 suinma
661 3340 724 3384 oum
739 3333 799 3385 tota
809 3324 939 3404 videtur,

202 3404 335 3485 paulatim
345 3407 428 3467 trabit
439 3411 551 3487 augusti
560 3409 672 3488 lastigie
683 3409 763 3485 ooni,

202 3499 280 3550 tecta
291 3488 354 3551 solo
366 3493 485 3570 iungens
497 3503 581 3571 atque
593 3494 685 3553 omnio
696 3491 813 3554 dextera
825 3490 916 3553 laevis
