2288 3886
528 194 554 257 V

128 381 288 425 concussos
299 363 371 425 itere
383 373 413 424 et
424 361 582 425 labefactos
594 371 662 426 aere
673 367 777 445 multo,

126 457 175 508 aut
187 447 251 526 quia
262 447 314 509 sub
325 456 416 507 terras
428 465 541 508 cursum
553 458 723 510 convortere
737 453 814 530 cogit

126 533 170 592 vis
183 530 298 608 eadem,
311 548 398 610 supra
410 549 482 610 quae
493 541 584 592 terras
596 532 713 612 pertulit
725 535 832 596 orbem.

170 613 311 694 Tempore
322 616 390 675 item
406 624 486 675 certo
500 633 612 676 roseam
624 614 729 676 Matuta
739 636 793 696 per
804 637 868 681 ores

59 709 112 766 606
126 697 253 760 aetheris
268 716 396 758 auroram
408 697 501 759 differt
516 707 545 759 et
558 698 661 759 iumine
671 701 783 779 pandit,

125 792 174 844 aut
189 784 254 861 quia
265 781 309 844 sol
320 780 414 859 idem,
426 782 479 842 snb
492 791 582 843 terres
597 782 646 842 iile
657 794 824 863 revertens,

125 869 260 945 anticipat
274 865 384 927 caelum
394 865 478 926 radiis
490 866 650 927 accendere
661 876 819 947 temptans,

126 961 174 1012 aut
186 951 251 1029 quia
264 951 436 1010 conveniunt
448 951 531 1027 ignes
544 960 574 1010 et
588 952 695 1011 semina
705 951 791 1012 muita

126 1033 273 1096 conduere
286 1033 393 1094 ardoris
407 1043 580 1094 consuerunt
590 1043 831 1113 temporecerto,

58 1129 113 1184 660
129 1136 202 1198 quae
214 1116 319 1178 iaciunt
329 1115 400 1178 solis
411 1134 484 1177 nova
495 1136 610 1197 semper
621 1116 723 1178 lumine
734 1121 826 1196 gigni:

125 1201 203 1281 quod
214 1219 305 1279 genus
317 1199 410 1261 Idaeis
422 1200 493 1260 fama
509 1210 553 1261 est
569 1202 738 1262 ementibus
753 1202 817 1264 citis

125 1285 273 1364 dispersos
285 1285 359 1362 ignis
371 1286 472 1345 orienti
483 1284 587 1345 iumine
601 1288 694 1364 cerni,

124 1368 191 1428 inde
203 1369 281 1428 coire
296 1367 413 1445 globum
425 1370 506 1447 quasi
518 1371 547 1428 in
558 1388 643 1430 unum
655 1378 684 1430 et
697 1370 840 1430 conficere
853 1371 960 1434 orbem.

123 1471 179 1513 nec
190 1460 284 1511 tamen
297 1451 367 1512 illud
377 1453 405 1511 in
416 1451 460 1513 bis
471 1452 557 1514 rebus
569 1453 694 1514 mirabile
708 1453 794 1514 debet

57 1546 110 1601 665
124 1555 208 1613 esse,
221 1535 298 1614 quod
309 1535 381 1596 baec
394 1537 468 1612 ignis
480 1546 535 1597 tom
548 1546 627 1597 certo
641 1545 770 1617 tempore
782 1549 901 1618 possunt

126 1621 234 1681 semina
250 1619 395 1679 confluere
409 1629 439 1680 et
449 1619 519 1680 sciis
534 1639 667 1699 reparare
678 1624 806 1683 nitorem.

125 1702 211 1763 multa
222 1703 350 1763 videmus
363 1705 455 1782 enim,
469 1713 549 1764 certo
561 1722 635 1781 quae
644 1714 774 1784 tempore
786 1706 854 1765 fiunt

126 1786 254 1848 omnibus
265 1788 294 1846 in
304 1786 400 1848 rebus.
417 1787 573 1848 ilorescunt
586 1796 716 1865 tempore
730 1796 810 1847 certo

125 1871 240 1932 arbusta
251 1879 279 1931 et
293 1880 372 1932 certo
388 1871 525 1931 dimittunt
538 1880 666 1949 tempore
678 1869 790 1929 ilorem:

55 1964 112 2021 670
125 1973 179 2015 nec
190 1955 319 2015 minusin
332 1964 412 2016 cento
424 1955 525 2016 dentes
539 1953 642 2014 cadere
654 1955 772 2033 imperat
783 1963 861 2014 aetas

125 2047 256 2117 tempore
267 2046 296 2099 et
308 2038 441 2117 inpubem
452 2038 530 2098 molli
543 2039 706 2118 pubescere
718 2048 800 2098 veste

125 2131 154 2184 ct
167 2123 273 2201 pan‘ter
284 2121 399 2182 mollem
409 2120 488 2184 mulis
504 2123 652 2184 demittere
663 2123 791 2184 barbam:

124 2204 239 2266 fulmina
250 2214 412 2284 postremo,
428 2208 491 2284 nix,
504 2207 626 2285 imbres,
639 2207 751 2284 nubila,
763 2208 857 2285 venti,

124 2307 181 2351 non
192 2290 273 2349 nimis
283 2291 400 2351 incertis
414 2290 481 2350 bunt
493 2293 520 2350 in
533 2292 660 2370 partibus
672 2292 744 2349 enni.

54 2382 110 2440 675
121 2392 242 2453 nmuque
254 2373 302 2433 ubi
313 2374 356 2434 sic
368 2372 480 2434 inerunt
492 2391 638 2434 causarum
650 2372 766 2433 exordia
777 2373 865 2450 prime

123 2467 209 2536 atque
219 2458 257 2517 ita
268 2475 316 2517 res
328 2456 421 2517 mundi
434 2457 566 2518 cecidere
579 2457 613 2517 ab
626 2458 735 2535 origine
747 2456 852 2535 pumen,

114 2546 273 2618 conseque
287 2558 401 2620 quoque
412 2542 467 2601 iam
476 2541 596 2601 redeunt
608 2560 645 2601 ex
656 2540 754 2600 ordine
768 2549 856 2607 certo.

166 2622 307 2686 Crescere
322 2626 446 2703 itemque
460 2625 520 2686 dies
531 2624 599 2686 licet
611 2634 640 2685 et
650 2625 801 2686 tabescere
813 2633 932 2704 noctes,

123 2717 153 2768 et
163 2709 247 2767 minui
259 2707 356 2786 luces,
373 2726 435 2769 cum
447 2718 556 2770 sumant
567 2711 695 2787 augmina
708 2718 826 2787 noctes,

55 2802 111 2859 680
123 2801 170 2852 aut
181 2793 247 2871 quia
257 2790 302 2853 sol
313 2792 388 2853 idem
399 2793 451 2854 sub
463 2802 553 2854 terras
564 2803 649 2873 atque
663 2813 787 2874 superne

123 2876 276 2954 imparibus
290 2895 406 2937 currens
419 2876 601 2937 amfractibus
613 2877 735 2939 aetheris
747 2895 811 2938 oras

122 2960 208 3038 partit
222 2961 290 3021 etin
302 2963 389 3038 partis
403 2979 460 3021 non
473 2979 580 3039 aeques
591 2960 687 3020 dividit
699 2961 814 3039 orbem,

124 3052 153 3103 et
165 3043 242 3123 quod
253 3044 289 3104 nb
300 3043 432 3105 alterutro
445 3044 564 3104 detraxit
575 3053 675 3122 parte,
686 3046 806 3131 reponit·

124 3128 185 3188 eius
200 3128 229 3187 in
241 3127 359 3189 adversa
374 3137 451 3190 tanto
463 3127 527 3206 pius
539 3137 619 3208 perte
630 3126 753 3204 relatus,

57 3218 111 3277 685
126 3210 219 3272 donec
228 3212 264 3272 ad
274 3212 301 3271 id
314 3215 424 3291 signum
437 3211 509 3272 caeli
521 3213 668 3292 pervenit,
684 3211 732 3271 ubi
743 3211 806 3271 anni

122 3295 214 3356 nodus
223 3307 374 3357 nocturnas
387 3305 526 3375 exaequat
541 3296 650 3356 lucibus
661 3295 788 3356 umbras:

123 3397 185 3439 nom
196 3379 291 3440 medio
302 3398 386 3441 cursu
399 3380 480 3440 dctus
491 3379 630 3460 aquilonis
642 3389 671 3440 et
679 3380 768 3453 ¹nustri

123 3462 254 3543 distinet,
266 3474 388 3542 aequato
401 3463 510 3524 caelum
522 3464 680 3526 discrimine
694 3472 813 3544 metans,
