2288 3886
115 222 157 288 54
604 222 631 282 ll

199 391 355 453 inmortalia
367 393 390 452 si
402 391 532 451 volumus
544 391 718 468 subiungere
730 391 816 451 rebus

199 477 393 553 fundamenta,
411 476 512 555 quibus
524 477 626 534 nitatur
636 493 742 535 summa
753 474 867 543 salutis;

198 580 235 621 ne
247 562 297 622 tibi
311 579 358 620 res
370 559 487 619 redeant
499 557 533 618 ad
546 557 632 617 nilum
643 557 767 620 funditus
779 576 887 620 omnes.

134 655 186 710 865
241 643 323 704 Nune
335 661 369 703 ea
381 661 453 722 quae
465 645 571 704 sentire
583 642 710 703 videmus
723 661 844 721 eumque
855 655 1011 707 necessest

200 748 238 790 ex
248 725 431 789 insensilibus
445 737 537 788 tamen
549 729 640 786 omnia
652 727 806 787 oonliteare

198 813 346 893 principiis
358 821 499 872 constare.
512 828 607 889 neque
620 809 649 870 id
659 811 817 873 manufesta
830 810 953 871 refutant

198 916 254 958 neo
268 906 365 957 eontra
376 905 520 975 pugnant,
533 897 561 954 in
572 904 704 975 promptu
716 897 830 973 cognita
843 913 915 974 quae
928 907 1013 977 sunt,

199 982 253 1044 sed
263 982 353 1059 magis
362 982 426 1059 ipsa
436 998 518 1039 manu
532 979 638 1039 ducunt
649 990 678 1039 et
694 980 814 1040 eredere
828 989 934 1057 eogunt

132 1074 185 1130 870
197 1085 234 1127 ex
247 1063 449 1140 insensilibus,
463 1063 539 1142 quod
552 1062 634 1140 dieo,
647 1062 774 1124 animalia
784 1065 872 1141 gigni.

199 1152 306 1230 quippe
317 1149 416 1210 videre
428 1148 498 1209 lieet
509 1151 592 1208 vivos
603 1148 729 1209 existere
742 1166 856 1207 vermes

197 1245 328 1296 stercore
341 1233 376 1293 de
389 1242 496 1309 taetro,
508 1241 639 1310 putorem
652 1250 715 1291 oum
726 1233 781 1292 sibi
796 1241 877 1292 nanta
888 1242 933 1293 est

197 1318 405 1397 intempestivis
418 1335 455 1376 ex
468 1316 603 1376 imbribus
618 1315 710 1376 umida
721 1316 823 1384 tellus;

196 1411 347 1483 praeterea
359 1411 476 1461 ounotas
488 1401 585 1460 itidem
595 1419 642 1460 res
654 1411 769 1460 vertere
780 1420 856 1461 sese.

134 1495 186 1552 875
196 1495 310 1547 vertunt
322 1504 355 1545 se
368 1485 444 1544 duvii
457 1484 573 1545 frondes
587 1495 616 1545 et
627 1484 730 1563 pabula
743 1485 817 1545 laeta

197 1574 226 1632 in
237 1568 382 1649 pecudes,
395 1579 508 1629 vertunt
521 1567 649 1647 pecudes
661 1571 689 1628 in
701 1587 823 1648 corpora
836 1579 932 1630 nostra

197 1665 338 1730 naturam,
353 1661 383 1713 et
394 1664 493 1714 nostro
503 1653 538 1713 de
553 1670 675 1732 corpore
687 1671 776 1732 saepe
788 1653 910 1714 ferarum

199 1747 359 1817 augescunt
371 1740 448 1798 vires
460 1747 489 1798 et
502 1754 624 1817 corpora
635 1740 878 1817 pennipotentum.

197 1842 268 1901 ergo
280 1841 377 1883 omnes
392 1832 490 1884 natura
502 1822 583 1884 eibos
594 1824 623 1882 in
636 1840 757 1902 corpora
768 1824 832 1882 viva

132 1916 186 1971 880
199 1910 284 1969 vertit
297 1915 325 1967 et
336 1906 403 1967 hino
413 1926 516 1968 sensus
531 1909 696 1967 animantum
708 1916 842 1984 proereat
854 1923 969 1985 omnes,

195 2011 252 2051 non
263 1992 317 2051 alia
326 1990 414 2068 longe
428 1993 536 2051 ratione
548 2000 633 2068 atque
645 1989 721 2049 arida
731 1989 809 2066 ligna

196 2074 322 2153 explieat
333 2075 361 2132 in
373 2074 495 2134 flammas
509 2082 537 2133 et
550 2076 579 2132 in
594 2075 668 2152 ignis
681 2076 771 2133 omnia
781 2084 885 2134 versat.

195 2161 286 2218 iamne
297 2157 380 2217 vides
391 2159 476 2234 igitur
489 2158 581 2234 magni
593 2156 744 2236 primordia
756 2176 849 2218 rerum

194 2243 305 2304 referre
321 2243 349 2300 in
365 2240 440 2320 quali
455 2243 510 2301 sint
525 2240 623 2301 ordine
638 2259 769 2321 quaeque
782 2241 876 2309 locata

133 2336 185 2390 885
199 2337 228 2388 et
244 2327 393 2387 commixta
408 2327 509 2403 quibus
522 2324 588 2386 dent
599 2336 691 2387 motus
703 2323 923 2405 accipiantque?

239 2410 308 2471 'lum
321 2428 407 2490 porro
421 2410 487 2489 quid
498 2410 526 2470 id
537 2421 598 2488 est,
610 2413 730 2486 mum
742 2411 818 2489 quod
831 2412 972 2491 percutit,
985 2413 1061 2493 ipsur

196 2495 273 2574 quod
284 2505 380 2555 movet
396 2505 424 2554 et
438 2497 531 2554 varios
544 2514 646 2556 sensus
659 2513 830 2574 expromere
843 2498 937 2574 cogit,

195 2598 233 2639 ex
246 2578 427 2639 insensilibus
442 2597 479 2637 ne
491 2579 591 2639 eredas
603 2578 709 2638 sensile
722 2577 821 2658 gigni?

194 2664 337 2738 nimirum,
353 2661 462 2739 lapides
476 2671 504 2721 et
516 2661 592 2739 ligna
603 2671 633 2722 et
644 2672 718 2723 terra
730 2663 807 2743 quod
817 2682 871 2723 una

95 2773 98 2778 ’
131 2756 183 2810 890
193 2748 280 2805 mixta
294 2755 387 2805 tamen
397 2754 542 2823 nequeunt
554 2745 668 2807 vitalem
678 2747 800 2808 reddere
812 2766 936 2808 sensum.

194 2829 264 2890 illud
275 2831 303 2888 in
313 2828 358 2889 his
368 2830 454 2906 igitur
466 2829 553 2891 rebus
564 2833 726 2892 meminisse
740 2832 872 2909 decebit,

193 2932 250 2974 nou
265 2933 302 2974 ex
313 2914 441 2974 omnibus
455 2916 585 2993 omnino,
598 2934 793 2995 quaecumque
807 2928 903 2977 creant
914 2936 980 2995 res,

194 2998 301 3059 sensile
313 3007 342 3058 et
354 2998 499 3078 extemplo
509 3017 555 3059 me
567 3002 644 3078 gigni
657 3000 754 3060 dicere
765 3019 884 3079 sensus,

194 3081 246 3142 sed
259 3084 352 3160 magni
361 3082 473 3144 referre
489 3085 651 3163 eaprimum
663 3084 794 3163 quantula
806 3097 953 3170 constent,

127 3174 180 3228 695
191 3165 300 3227 sensile
312 3185 385 3246 quae
397 3167 520 3247 laniunt,
533 3177 563 3229 et
574 3186 628 3246 qua
640 3170 695 3230 sint
706 3169 834 3248 praedita
843 3168 949 3249 forma,

192 3248 316 3311 motibus
329 3251 473 3313 ordinibus
489 3255 624 3332 posituris
640 3252 762 3332 denique
776 3271 848 3333 quae
861 3257 925 3315 sint.

193 3351 309 3414 quarum
320 3334 359 3394 nil
371 3354 465 3398 rerum
476 3339 505 3396 in
518 3337 603 3415 lignis
618 3334 788 3417 glaebisque
800 3338 943 3401 videmus:
1042 3372 1046 3377 ·

193 3427 223 3479 et
234 3426 327 3478 tamen
338 3418 427 3498 haee,
441 3439 505 3481 oum
517 3430 581 3481 sunt
594 3423 674 3500 quasi
685 3421 845 3500 putrefacta
856 3441 909 3502 per
918 3425 1043 3501 imbres,

191 3500 365 3563 vermiculos
377 3506 504 3584 pariunt,
522 3507 586 3584 quia
601 3522 721 3584 corpora
732 3508 856 3566 materiai
