2288 3886
122 179 163 242 ss
211 160 217 171 ⁴
603 171 643 232 1v

208 359 370 405 aerumnas
383 339 476 401 oculis
489 342 552 419 quia
565 340 636 402 solis
649 356 770 400 cernere
781 338 908 416 quimus,

144 439 198 493 aaa
210 434 365 507 propterea
377 425 407 484 iit
418 427 474 502 uti,
487 428 617 504 speciem
628 441 684 502 quo
697 423 849 498 vertimus,
864 439 965 485 omnes

209 530 258 573 res
270 510 308 570 ibi
321 527 383 569 eam
396 519 493 569 contra
505 508 605 568 feriant
616 507 706 567 forma
715 516 800 584 atque
817 506 925 567 colore.

211 605 241 656 et
252 602 384 673 quantum
397 611 526 672 quaeque
538 593 573 652 ab
588 591 672 652 nobis
683 609 731 651 res
742 591 832 665 absit,
845 592 938 669 imago

211 678 301 739 eilicit
312 685 342 736 ut
353 676 499 737 videamus
511 685 540 736 et
555 679 752 736 internoscere
765 682 857 735 curat:

210 781 273 822 nam
285 779 348 822 cum
359 763 491 837 mittitur,
504 759 648 840 extemplo
659 758 799 838 protrudit
809 760 925 836 agitque

146 857 198 910 245
213 853 279 907 ae‘ra
291 846 338 923 qni
348 846 422 905 inter
433 864 466 906 se
479 863 599 924 cumque
611 852 657 904 est
668 842 827 919 oculosque
839 842 968 922 locatus,

211 933 295 1009 isque
309 931 346 988 ita
358 947 411 1008 per
422 939 533 989 nostras
548 931 626 988 acies
639 927 796 1006 perlabitur
806 927 896 987 omnis

212 1025 241 1076 et
254 1015 334 1093 quasi
349 1022 497 1093 perterget
509 1011 632 1092 pupillas
644 1021 730 1090 atque
742 1012 780 1070 ita
790 1012 898 1070 transit.

212 1107 366 1179 propterea
377 1098 406 1157 int
416 1100 456 1157 uti
470 1097 615 1157 videamus
628 1113 709 1174 qnam
723 1092 825 1174 procul
839 1094 912 1154 absit

212 1203 260 1244 res
274 1200 413 1261 quaeque.
429 1191 458 1241 ct
472 1191 576 1259 quanto
588 1181 653 1260 plus
665 1181 740 1239 a'e'ris
752 1189 816 1240 ante
828 1180 948 1255 agitatur

147 1277 200 1330 att)
215 1277 244 1328 et
258 1275 373 1326 nostros
386 1265 487 1325 oculos
502 1273 652 1344 perterget
666 1264 779 1340 longior
789 1280 872 1340 aura,

215 1362 270 1412 tam
283 1349 384 1428 procul
397 1368 465 1411 esse
477 1351 566 1425 magis
578 1367 626 1409 res
640 1366 770 1427 quaeque
781 1356 890 1407 remota
900 1345 1017 1407 videtur

215 1433 345 1508 scilicet,
357 1432 429 1493 haec
442 1451 549 1493 summe
562 1432 651 1493 celeri
664 1434 773 1490 ratione
784 1440 937 1510 geruntur,

215 1517 299 1598 quale
311 1519 348 1576 sit
357 1525 388 1576 ut
403 1517 564 1593 videamus,
578 1526 606 1576 et
617 1534 671 1575 una
683 1533 765 1594 quam
776 1514 878 1594 procul
891 1517 974 1577 absit.

214 1601 283 1662 illud
294 1603 322 1659 in
334 1599 379 1660 his
389 1600 477 1662 rebus
488 1603 600 1659 minime
611 1598 739 1659 mirabile
750 1598 954 1678 habendum,

152 1694 203 1748 255
217 1704 284 1762 cur,
297 1702 331 1745 ea
344 1702 417 1763 qnae
428 1684 529 1744 leniant
541 1683 643 1744 oculos
656 1682 806 1744 simulacra
817 1683 908 1744 videri

125 1795 129 1804 ·
216 1768 327 1847 singula
340 1787 404 1829 cum
417 1777 577 1848 nequeant,
589 1786 637 1828 res
649 1771 729 1848 ipsae
740 1770 957 1847 perspiciantur.

215 1863 316 1914 ventus
329 1855 402 1913 enim
414 1872 528 1932 quoque
540 1852 673 1932 paulatim
685 1870 748 1912 cum
759 1852 892 1913 uerberat
907 1863 936 1914 et
948 1872 1014 1915 cum

216 1957 283 1999 acre
294 1937 354 1998 lluit
368 1937 475 2015 frigus,
487 1956 543 1997 non
553 1939 660 2016 privam
674 1954 813 2015 quamque
829 1937 955 1999 solemus

216 2020 382 2102 particulam
393 2025 471 2080 venti
483 2023 589 2081 sentire
602 2031 631 2080 et
642 2021 757 2097 lrigcris
770 2022 848 2098 eius,

114 2183 116 2186 .
151 2113 204 2166 260
218 2105 271 2166 sed
281 2106 370 2181 magis
381 2121 532 2180 nnorsum,
545 2105 663 2182 lienique
677 2103 796 2182 perinde
808 2105 936 2168 videmus

218 2205 342 2267 corpore
355 2197 414 2248 tum
424 2187 524 2267 plagas
536 2189 564 2247 in
575 2198 673 2249 nostro
685 2198 825 2266 tamquam
836 2189 947 2268 aliquae
960 2210 1013 2254 res

217 2274 351 2333 verberet
362 2281 447 2351 atque
459 2276 503 2334 sni
518 2272 566 2332 det
577 2290 692 2333 sensum
704 2275 833 2352 corporis
846 2284 935 2335 entra.

217 2367 367 2436 praeterea
380 2357 504 2437 lapidem
515 2357 603 2435 digito
620 2374 683 2417 cum
694 2358 851 2437 tundimus,
863 2358 957 2438 ipsum

217 2443 356 2519 tangimus
373 2453 530 2502 extremum
541 2444 600 2502 saxi
612 2459 805 2519 summumque
819 2441 965 2521 colorem,

155 2534 204 2588 265
218 2544 274 2586 nec
285 2528 421 2587 sentimus
433 2544 497 2585 eum
509 2536 602 2602 tactu,
614 2543 711 2585 verum
722 2528 811 2603 magis
823 2527 912 2606 ipsam

219 2609 349 2669 duritiem
360 2611 473 2687 penitus
486 2610 547 2669 saxi
559 2613 695 2669 sentimus
707 2611 734 2668 in
745 2609 812 2669 alto.

259 2690 342 2751 Nunc
353 2710 424 2768 age,
439 2711 490 2751 cur
500 2692 572 2751 ultra
583 2693 732 2771 speculum
743 2694 871 2754 videatur
881 2696 974 2773 imago

217 2774 292 2852 illis,
305 2793 376 2855 quae
388 2775 508 2835 reddunt
520 2777 703 2856 speculorum
719 2797 756 2837 ex
767 2796 893 2857 aequore
905 2779 1017 2857 visum,

217 2861 352 2938 percipe:
364 2877 426 2918 nam
442 2870 521 2930 certe
533 2863 646 2940 penitus
658 2871 766 2923 semota
776 2862 896 2923 videtur.

155 2949 206 3004 270
221 2943 296 3022 quod
308 2961 399 3020 genus
411 2942 458 3002 illa
474 2945 543 3004 ioris
556 2965 627 3024 quae
639 2964 709 3005 vere
724 2948 960 3025 transpiciuntnr‚

220 3030 300 3087 ianua
316 3046 380 3087 cum
390 3045 444 3106 per
458 3048 491 3088 se
502 3039 695 3109 transpectum
707 3030 827 3109 praebet
838 3039 985 3109 apertum,

218 3112 304 3172 multa
315 3112 441 3190 facitque
452 3112 521 3173 ioris
535 3133 572 3173 ex
580 3113 698 3174 aedibus
709 3123 740 3172 ut
750 3115 912 3175 videantur:

219 3197 243 3255 is
256 3214 370 3275 quoque
383 3198 456 3257 enim
467 3197 573 3277 duplici
585 3199 756 3276 geminoque
769 3199 799 3257 lit
813 3203 881 3258 aare
892 3199 981 3260 visus.

218 3281 325 3357 primus
338 3283 412 3339 enim
424 3282 493 3340 citra
504 3291 605 3359 postes
617 3291 676 3341 tum
689 3285 813 3342 cernitur
823 3289 890 3360 atr,

154 3367 207 3421 275
220 3362 286 3422 inde
297 3363 375 3425 iores
388 3367 467 3443 ipsae
480 3365 578 3424 dextra
589 3364 727 3443 laevaque
740 3375 893 3443 secuntur,

220 3455 286 3526 post
298 3449 418 3507 extraria
431 3447 481 3507 lux
492 3448 593 3509 oculos
606 3457 754 3527 perterget
766 3459 795 3510 et
806 3456 855 3510 atr
