2288 3886
119 167 164 232 88
515 184 518 191 ·
606 163 647 224 lll

204 355 276 416 quae
288 347 381 398 tamen
392 339 482 397 omnia
495 348 523 398 te
535 339 592 397 vita
604 336 751 416 perlunctn
764 345 933 414 sequentur:

203 439 259 481 nec
270 422 361 481 minus
374 439 445 499 ergo
457 432 520 483 ante
533 421 605 483 haec
617 438 698 500 quarn
710 430 739 480 tu
751 417 902 499 cecidere,
916 420 1095 502 cadentque.

205 506 248 564 sie
262 503 317 564 alid
329 523 367 564 ex
377 503 433 564 alio
445 523 592 583 numquam
604 503 723 565 desistet
735 504 819 580 oriri,

203 589 319 666 vitaque
330 590 469 666 mancipio
481 588 550 647 nulli
563 589 658 663 datur,
672 587 800 647 omnibus
813 606 874 648 usu.

139 678 192 735 970
202 673 318 751 respice
330 673 398 731 item
409 690 491 751 quam
505 671 543 732 nil
557 672 591 732 ad
603 690 654 731 nos
667 681 731 730 ante
742 680 805 730 acta
816 679 944 732 vetustas

204 757 342 833 temporis
357 757 464 816 aeterni
477 754 577 833 fuerit,
591 774 670 834 quam
683 757 824 823 nascimur
834 765 908 815 ante.

100 852 103 859 ·
204 839 260 899 hoo
273 841 358 918 igitur
372 839 521 917 speculum
533 840 616 899 nobis
625 850 725 899 ‘natura
739 839 824 899 futuri

204 925 340 1002 temporis
352 925 469 1001 exponit
480 933 546 1003 post
557 933 675 984 mortem
687 923 808 1002 denique
820 931 952 983 nostram.

203 1007 336 1085 numquid
348 1007 386 1067 ibi
398 1007 533 1068 horribile
545 1016 678 1087 apparet,
691 1025 755 1065 num
769 1008 851 1069 triste
862 1007 974 1079 videtur

33 1100 36 1105 '
138 1099 189 1154 975
202 1092 369 1170 quicquam,
382 1110 437 1151 non
449 1094 523 1155 omni
536 1109 635 1153 somno
653 1093 782 1152 securius
798 1087 911 1152 exstat?

244 1175 340 1254 Atque
352 1193 403 1254 ea,
415 1177 558 1254 nimirum,
572 1193 767 1254 quaecumque
778 1174 943 1235 Acherunte
954 1175 1103 1253 profundo

204 1258 314 1338 prodita
326 1268 390 1320 sunt
401 1278 485 1337 esse,
496 1261 524 1320 in
534 1261 591 1320 vita
602 1269 667 1320 sunt
678 1261 769 1319 ornnia
779 1259 870 1319 nobis.

203 1361 259 1404 nec
269 1346 356 1404 miser
367 1344 524 1422 inpendens
534 1361 664 1421 magnum
675 1345 754 1403 timet
765 1349 833 1403 aere
845 1360 941 1403 saxum

204 1425 352 1504 Tantalus,
365 1437 395 1487 ut
406 1427 522 1504 sanast,
537 1446 619 1488 cassa
633 1426 781 1487 formidine
791 1437 924 1506 torpens:

138 1520 191 1575 980
204 1510 255 1572 sed
268 1513 357 1589 magis
369 1512 397 1570 in
407 1513 464 1572 vita
476 1510 569 1571 divom
579 1520 672 1572 metus
687 1519 771 1589 urget
782 1513 870 1571 inanis

204 1594 346 1673 mortalis,
357 1594 512 1674 'casumque
523 1597 621 1656 timent
634 1614 718 1675 quem
731 1598 833 1674 cuique
845 1594 917 1661 ierat
928 1594 997 1656 iors.

202 1697 258 1739 noc
269 1677 372 1754 Tityon
383 1678 517 1739 volucres
529 1681 624 1740 ineunt
635 1678 800 1740 Acherunte
812 1680 968 1756 iacentem,

182 1764 189 1780 '¹
202 1782 258 1825 uec
270 1763 346 1842 quod
361 1764 414 1824 sub
425 1781 528 1842 magno
539 1773 702 1825 scrutentur
712 1772 833 1843 pectore
844 1764 994 1841 quicquam

202 1857 369 1926 perpetuam
381 1857 502 1910 aetatem
514 1857 634 1928 possunt
645 1850 773 1928 reperire
783 1847 928 1927 proiecto.

136 1941 187 1996 985
200 1931 353 2012 quamlibet
366 1934 475 1992 immani
488 1935 619 2010 proiectu
631 1935 761 2010 corporis
773 1940 883 2006 exstet,

201 2018 249 2094 qui
260 2034 317 2076 non
327 2016 389 2076 sola
400 2034 503 2076 novem
514 2018 653 2096 dispessis
665 2018 763 2093 iugera
773 2017 907 2076 membris

201 2102 344 2179 optineat,
357 2097 409 2160 sed
423 2101 470 2178 qui
481 2103 565 2160 terrai
576 2102 662 2161 totius
675 2099 791 2177 orbem,

201 2200 257 2242 non
268 2194 360 2244 tamen
371 2193 516 2244 aeteruum
527 2185 631 2262 poterit
642 2183 772 2263 perferre
785 2183 912 2244 dolorem

200 2285 255 2327 nec
268 2267 408 2345 praehere
420 2268 513 2328 cibum
524 2269 641 2347 proprio
654 2268 690 2328 de
703 2286 826 2347 corpore
837 2287 962 2349 semper.

59 2398 60 2403 η
135 2360 188 2416 990
199 2352 251 2412 sed
263 2351 360 2427 Tityos
372 2352 454 2412 nobis
468 2351 516 2411 hic
528 2361 588 2431 est,
601 2353 629 2412 in
641 2370 736 2412 amore
747 2353 888 2412 iacentem

201 2455 285 2516 quern
296 2434 430 2497 volucres
443 2436 568 2497 lacerant
579 2446 663 2515 atque
676 2447 758 2496 exest
768 2438 867 2497 anxius
879 2455 969 2514 angor

200 2531 246 2582 aut
256 2519 310 2580 alia
322 2522 420 2598 quavis
432 2520 563 2582 scindunt
576 2519 736 2598 cuppedine
751 2539 844 2580 curae.

200 2604 341 2683 Sisyphus
354 2606 380 2663 in
392 2607 449 2664 vita
461 2615 575 2682 quoque
587 2604 669 2664 nobis
681 2614 746 2664 ante
758 2603 859 2664 oculos
871 2615 932 2682 est,

201 2689 248 2766 qui
260 2698 360 2765 petere
372 2706 387 2746 a
401 2686 507 2764 populo
519 2686 614 2747 iasoes
627 2706 786 2767 saevasque
797 2706 916 2748 secures

134 2781 187 2836 995
201 2771 326 2847 imbibit,
340 2780 368 2830 et
380 2789 495 2848 semper
505 2772 598 2831 victus
610 2774 756 2850 tristisque
767 2771 885 2832 recedit.

199 2873 262 2914 narn
274 2865 375 2932 petere
388 2856 551 2933 imperium,
565 2855 640 2933 quod
651 2857 761 2916 inanest
771 2874 827 2916 nec
838 2856 918 2915 datur
929 2873 1081 2935 umquam,

200 2949 285 3017 atque
297 2941 325 2997 iu
336 2956 372 2997 eo
384 2956 499 3018 semper
510 2939 608 2999 durum
620 2940 740 3000 sufferre
753 2939 899 3018 laborem,

199 3023 255 3083 hoc
268 3032 313 3084 est
323 3021 445 3084 adverso
456 3025 597 3084 nixantem
609 3023 723 3084 trudere
734 3034 830 3084 monte

200 3125 314 3186 saxum,
327 3107 403 3186 quod
414 3117 507 3168 tamen
519 3129 536 3168 e
548 3126 655 3169 summo
665 3110 720 3168 iarn
730 3109 838 3168 vertice
849 3126 945 3169 rusum

117 3202 184 3257 looo
199 3190 322 3252 volvitur
333 3202 363 3251 et
375 3191 451 3270 plani
461 3194 562 3270 raptim
573 3193 644 3271 petit
657 3209 780 3270 aequora
796 3193 895 3270 campi.

200 3274 302 3336 deinde
314 3277 395 3336 animi
407 3277 542 3354 ingratam
553 3285 677 3335 naturam
690 3292 810 3352 pascere
823 3293 959 3354 semper,

118 3410 120 3414 .
151 3410 153 3414 ,
198 3369 284 3438 atque
299 3359 417 3439 explere
428 3361 511 3420 bonis
523 3360 610 3421 rebus
622 3361 781 3438 satiareque
793 3377 961 3438 numquam,

199 3443 273 3522 quod
286 3443 391 3504 iaciunt
402 3444 485 3505 nobis
496 3461 630 3503 annorum
640 3453 785 3523 tempora,
798 3445 906 3504 circum
