2310 3892
500 222 526 280 V

101 391 251 466 convenit,
263 388 327 448 inde
337 394 424 467 super
433 397 524 449 terras
536 390 595 449 lluit
606 391 717 466 agmine
730 389 805 450 dulci

100 491 155 553 qua
165 475 211 533 uia
221 481 302 533 secta
312 471 403 532 semel
419 471 526 551 liquido
538 473 613 552 pedu
626 473 727 535 detulit
738 474 836 535 undas.

141 557 220 618 Atra
231 573 306 615 nunc
320 557 405 634 igitur
417 555 524 634 dicam,
536 558 584 636 qui
599 572 722 636 corpore
733 566 795 618 toto

99 637 338 701 innumerabiliter
349 641 444 718 privas
457 649 577 700 mutatur
591 641 620 699 in
631 639 725 702 boras.

55 733 85 788 ts
99 742 215 804 semper
224 725 314 801 enim,
327 723 525 802 quodcumque
537 723 597 784 lluit
607 723 643 784 de
654 725 759 803 rebus,
773 725 802 784 id
813 742 896 786 onnus

100 810 175 870 airis
188 809 216 866 in
226 824 357 884 magnum
366 806 457 866 fertur
467 825 559 876 more;
572 808 620 886 qui
631 809 685 868 nisi
699 818 798 869 eontra

101 909 222 972 corpora
232 891 368 951 retribunt
380 891 467 951 rebus
478 901 650 971 recreetque
663 890 793 970 liuentis,

100 977 192 1037 omnia
202 976 257 1033 iam
266 973 393 1035 resoluta
404 974 499 1034 forent
509 982 538 1035 et
550 976 578 1034 in
592 981 659 1037 adra
672 993 772 1036 versa:

99 1059 166 1121 baut
177 1060 262 1137 igitur
278 1067 373 1118 cessat
383 1060 462 1137 gigni
472 1057 508 1118 de
519 1059 606 1119 rebus
620 1069 650 1119 et
660 1061 688 1119 in
699 1077 746 1120 res

55 1152 86 1206 30
96 1142 263 1220 reccidere,
275 1141 392 1202 adsidue
404 1142 534 1221 quoniam
548 1141 636 1202 liuere
651 1144 742 1203 omnia
754 1152 873 1203 constat.

143 1226 250 1304 bargus
262 1228 330 1287 item
341 1223 439 1304 liquidi
449 1225 514 1287 fons
527 1225 654 1304 luminis,
668 1225 810 1288 aetherius
822 1226 886 1306 sol,

99 1313 202 1389 inrigat
214 1309 331 1371 adsidue
342 1309 453 1370 caelum
465 1309 588 1371 caudore
600 1313 710 1371 recenti

101 1393 322 1475 suppeditatque
333 1410 409 1453 noro
422 1393 572 1455 confestim
583 1393 688 1454 lumine
699 1393 803 1454 lumen.

100 1497 163 1540 narn
175 1479 293 1557 primum
304 1478 437 1556 quicquid
448 1477 568 1557 fulgoris
579 1479 697 1558 disperit
708 1479 753 1556 ei,

55 1571 86 1626 85
101 1579 280 1642 quocumque
291 1559 403 1623 accidit.
415 1561 443 1620 id
456 1561 526 1624 licet
536 1561 602 1624 binc
616 1580 796 1640 cognoscere
807 1563 920 1643 possis,

102 1644 179 1726 quod
192 1644 321 1707 simulac
333 1646 451 1724 primum
462 1646 554 1707 nubes
566 1647 726 1707 succedere
738 1645 794 1708 soli

103 1748 230 1808 coepere
241 1738 271 1790 et
281 1729 375 1790 radios
385 1731 458 1790 inter
472 1731 552 1809 quusi
563 1748 696 1809 rumpere
707 1729 799 1806 lucis,

102 1813 248 1893 externplo
258 1813 375 1874 inferior
386 1832 451 1893 pars
465 1813 564 1873 homm
575 1813 694 1892 disperit
705 1814 812 1888 omnis,

101 1909 234 1978 terraque
248 1898 419 1958 inumbratur
430 1915 484 1978 qua
495 1897 581 1958 nimbi
595 1915 716 1975 cumque
728 1895 871 1966 ferontnr;

55 1991 88 2044 90
96 1991 131 2054 ut
144 1999 249 2044 noscas
260 1980 415 2060 splendore
426 1999 502 2042 novo
513 1999 561 2042 res
573 1999 689 2061 semper
700 1997 806 2058 egere,

103 2075 132 2126 et
143 2067 261 2145 primum
271 2067 374 2126 iactum
386 2065 507 2144 fulgoris
519 2084 660 2145 quemque
672 2066 785 2144 perire,

102 2168 158 2211 nec
168 2150 277 2210 ratione
288 2148 343 2209 ulia
356 2168 404 2210 res
418 2166 507 2229 posse
520 2151 548 2209 in
560 2149 624 2210 sole
635 2149 742 2227 videri,

102 2242 243 2313 perpetuo
255 2234 283 2292 ni
293 2232 458 2312 suppeditet
468 2232 541 2295 lucis
555 2242 640 2312 capnt
651 2235 753 2312 ipsum.

103 2317 264 2396 quinetiam
276 2326 413 2378 nocturna
424 2317 492 2396 tibi,
503 2318 650 2378 terrestria
661 2333 735 2396 quae
746 2324 828 2392 sunt,

57 2398 221 2476 solumina,
236 2400 394 2478 pendentes
406 2400 502 2477 lychni
514 2399 665 2480 claraeque
679 2397 807 2460 coruscis

102 2482 261 2562 fulguribus
273 2485 395 2562 pingues
406 2483 492 2546 multa
504 2483 624 2563 caligine
636 2483 735 2544 taedae

104 2566 244 2629 consimili
255 2579 409 2648 properant
420 2569 545 2645 ratione,
561 2567 662 2628 ardore
676 2566 822 2643 ministro,

103 2651 287 2731 suppeditare
300 2668 404 2712 novom
415 2652 526 2729 lumen,
539 2662 663 2713 tremere
674 2649 787 2728 ignibus
799 2649 919 2727 instant,

104 2737 223 2814 instant,
235 2753 291 2797 nec
302 2733 367 2796 loca
382 2735 432 2796 lux
443 2738 516 2796 inter
528 2738 609 2815 quasi
619 2744 701 2814 rupta
714 2732 863 2810 relinquit:

55 2829 92 2881 00
104 2837 196 2898 usque
209 2819 282 2880 adeo
293 2829 481 2898 properanter
490 2819 526 2879 eb
537 2819 665 2881 omnibns
680 2818 792 2896 ignibus
808 2819 835 2877 ei

104 2904 220 2964 exitium
232 2902 320 2964 celeri
333 2901 441 2964 celatur
455 2903 565 2981 origine
577 2902 709 2964 llsmmae.

103 2988 146 3048 sic
158 2988 244 3065 igitur
256 2986 349 3049 solem
360 2986 453 3048 lunam
466 2985 623 3064 stellasque
636 2986 816 3065 putandumst

104 3088 142 3132 ex
152 3070 207 3130 ulio
218 3079 303 3151 atque
314 3071 370 3131 alio
381 3070 476 3132 lucem
487 3072 591 3131 iactare
603 3068 722 3131 subortu

104 3163 134 3215 et
145 3156 263 3234 primum
273 3154 408 3235 quicquid
419 3154 587 3216 llnmmarum
599 3153 721 3233 perdere
733 3171 864 3233 sempcr;

55 3248 92 3300 lto
106 3237 277 3298 inviolabilis
289 3238 361 3300 baec
372 3257 409 3299 ne
424 3238 525 3299 credas
537 3237 612 3298 forts
625 3238 734 3316 rigere.

139 3321 270 3401 Denique
283 3338 339 3382 non
351 3321 461 3402 lapides
473 3339 588 3401 quoque
600 3322 676 3381 vinci
688 3321 782 3382 cernis
792 3322 829 3383 ab
843 3339 934 3401 sero,

103 3423 159 3466 non
170 3406 241 3467 altas
255 3407 339 3468 turris
351 3424 435 3467 ruere
446 3416 476 3467 et
486 3414 655 3484 putrescere
667 3421 752 3480 saun,

102 3507 158 3549 non
170 3488 288 3550 delubra
298 3489 380 3550 deum
391 3490 596 3568 simulacraque
609 3488 688 3551 fessa
699 3488 808 3566 fatisci,
