2288 3886
531 159 570 221 tv

138 341 167 392 11
180 337 259 391 tenet
269 327 395 387 adsuctis
406 334 552 386 umectans
567 325 665 387 oscula
676 327 778 388 labris:

137 433 199 475 nam
210 413 278 473 iacit
291 413 430 471 exanimo
442 427 549 489 saepe,
561 419 590 470 et
602 413 756 472 communia
770 430 910 491 quaerens

137 497 237 576 gaudia
248 493 383 556 sollicitat
395 495 514 572 spatium
525 495 678 555 decurrere
689 498 801 557 amoris.

138 601 192 642 nec
207 581 316 640 ratione
331 577 384 638 alia
395 577 530 638 volucres
540 587 664 639 armenta
676 579 812 658 femeque

52 679 124 732 1190
138 676 168 726 et
179 663 308 744 pecudes
321 672 350 723 et
362 679 452 740 equae
464 662 585 722 maribus
597 661 747 722 subsidere
760 673 897 742 possunt,

139 754 163 811 si
174 749 320 827 sonipes,
333 746 409 825 quod
420 744 533 805 illorum
544 746 645 822 subet,
663 746 743 806 ardet
754 747 897 808 abundans

137 843 234 893 natura
249 841 277 891 et
293 830 435 890 Venerem
446 829 594 890 salientum
604 828 677 890 laeta
688 839 830 893 retractat.

138 935 232 977 nonne
243 915 324 975 vides
337 915 420 974 etiam
433 931 504 992 quos
516 923 609 973 mutua
620 930 709 993 saepe
719 913 851 994 voluptas

139 1003 246 1075 vinxit,
259 1008 290 1059 nt
305 1001 333 1057 in
344 996 447 1058 vinclis
463 999 656 1058 communibus
670 997 893 1060 excrucientur?

52 1097 121 1151 1195
139 1089 168 1144 iu
182 1085 273 1145 triviis
285 1099 367 1161 quam
379 1099 467 1160 saepe
480 1099 583 1159 canes,
598 1080 748 1142 discedere
760 1085 886 1161 aventis,

139 1169 246 1229 divorsi
259 1164 362 1244 cupide
374 1167 489 1227 summis
502 1183 539 1224 ex
549 1165 649 1226 viribu'
661 1165 796 1245 tendunt,

138 1269 224 1332 quom
236 1253 346 1311 interea
356 1248 456 1309 validis
470 1247 592 1309 Veneris
608 1250 791 1328 compagibus
804 1250 936 1312 haerent!

139 1335 216 1416 quod
226 1335 355 1394 iacerent
371 1351 537 1413 numquam,
549 1334 602 1394 uisi
613 1344 707 1394 mutua
717 1334 818 1412 gaudia
829 1346 965 1413 nossent,

139 1439 211 1501 quae
223 1422 320 1478 iacere
330 1420 359 1477 in
368 1416 495 1478 fmudem
506 1427 626 1497 possent
636 1421 806 1498 vinctosque
823 1428 932 1480 tenere.

58 1519 124 1571 1200
140 1522 227 1584 quare
239 1505 323 1563 etiam
336 1511 421 1581 atque
435 1503 536 1579 etiam,
548 1511 578 1562 ut
589 1502 673 1580 dico,
691 1513 737 1564 est
749 1505 895 1563 commuui'
907 1503 1038 1583 voluptas

177 1587 215 1648 Et
228 1587 439 1647 commiscendo
451 1604 536 1666 quom
548 1589 656 1647 semine
668 1587 742 1649 forte
754 1587 827 1648 virili

138 1673 242 1733 iemiua
252 1673 309 1730 vim
320 1673 389 1730 vicit
400 1670 493 1731 subita
502 1672 530 1729 vi
544 1673 755 1751 corripuitque,

138 1768 197 1819 tum
208 1754 316 1816 similes
328 1763 445 1813 matrum
455 1763 581 1815 materno
595 1757 703 1815 semine
714 1756 799 1832 liunt,

138 1839 171 1902 ut'
180 1840 307 1920 patribus
318 1841 417 1918 patrio.
432 1838 485 1899 sed
497 1855 569 1916 quos
581 1840 727 1916 utriusque
742 1840 848 1915 ligures

65 1939 123 1990 11111
139 1943 207 1987 esse
217 1924 317 1999 rides,
332 1924 430 1983 iuxtim
440 1923 595 1981 miscentes
608 1919 685 1981 vulta
696 1930 857 2000 parentum,

141 2026 263 2087 corpore
275 2007 311 2066 de
321 2009 412 2085 patrio
423 2016 453 2067 et
463 2016 588 2066 materno
600 2007 736 2084 sauguine
749 2015 898 2083 crescunt,

141 2094 322 2155 seminecum
336 2090 458 2151 Veneris
473 2089 592 2152 stimulis
604 2093 698 2152 excita
710 2110 763 2170 per
774 2100 850 2151 artus

141 2178 224 2238 obvia
236 2174 361 2235 conflixit
374 2176 538 2253 conspirans
551 2186 662 2236 mutuus
674 2176 772 2252 ardor,

141 2271 170 2321 et
181 2278 276 2339 neque
287 2269 380 2319 utrum
390 2261 535 2337 superavit
549 2277 646 2319 eorum
659 2278 714 2319 nec
726 2268 925 2337 superatumst.

63 2357 126 2409 1110
142 2346 171 2405 bt
183 2361 297 2423 quoque
310 2353 341 2404 ut
350 2342 489 2403 interdum
501 2344 609 2403 similes
621 2344 746 2402 existere
763 2360 878 2401 avorum

141 2430 252 2508 possint
264 2437 293 2487 et
304 2428 429 2488 referant
440 2444 608 2505 proavorum
619 2443 707 2503 saepe
718 2426 822 2502 ligures

142 2521 296 2592 propterea
309 2513 373 2589 quia
384 2509 470 2571 multa
481 2510 571 2571 modis
583 2508 734 2589 primordia
744 2509 838 2569 multis

141 2599 228 2656 mixta
239 2613 292 2656 suo
305 2595 399 2656 celant
410 2596 437 2654 iu
448 2611 571 2673 corpore
583 2612 673 2673 saepe
684 2596 827 2672 parentis,

143 2697 215 2760 quae
226 2679 352 2758 patribus
364 2687 459 2757 patres
471 2678 581 2738 tradunt
592 2679 627 2738 ab
639 2680 728 2758 stirpe
739 2679 885 2758 proiecta:

68 2775 127 2828 1115
142 2763 207 2824 inde
218 2762 317 2822 Venus
329 2764 404 2822 varia
415 2761 545 2840 producit
557 2773 635 2824 sorte
648 2764 769 2841 ligurus,

144 2850 336 2924 maiorumque
348 2846 437 2906 refert
448 2845 544 2907 voltus
555 2865 703 2926 vocesque
721 2865 890 2927 comasque,

144 2930 371 3011 quandoquidem
381 2929 439 2989 uilo
450 2932 539 3006 magis
551 2929 622 2991 baec
635 2933 792 2991 desemine
805 2943 885 2993 certo

144 3019 211 3076 iiuut
225 3033 307 3094 quam
319 3015 409 3074 iacies
422 3024 451 3074 et
464 3032 585 3092 corpora
595 3014 776 3091 membraque
790 3017 893 3091 nobis,

144 3110 173 3160 et
186 3098 324 3159 muliebre
336 3101 424 3158 oritur
435 3100 525 3177 patrio
539 3098 574 3158 de
586 3100 694 3158 semine
705 3096 849 3175 saeclum,

71 3191 131 3246 1110
145 3193 331 3262 maternoque
342 3200 436 3243 mares
447 3184 572 3242 existunt
588 3199 710 3260 corpore
724 3184 804 3241 creti.

145 3285 262 3346 semper
271 3269 345 3325 enim
359 3277 455 3345 partus
467 3264 574 3343 duplici
589 3265 744 3325 desemine
758 3276 890 3344 constat,

145 3360 230 3430 atque
243 3352 297 3411 utri
310 3348 431 3410 similest
440 3351 529 3427 magis
543 3349 572 3408 id
584 3349 782 3427 quodcumque
794 3361 923 3428 creatur,

147 3437 208 3496 eius
219 3433 307 3495 babet
318 3433 383 3512 plus
397 3441 477 3512 parte
492 3451 597 3512 aequa;
611 3433 687 3511 quod
700 3451 818 3494 cernere
830 3438 944 3514 possis,
