2288 3886
106 192 149 260 ol
588 190 629 252 lll

130 372 182 429 815
197 364 259 441 quis
270 360 353 421 locus
365 369 410 420 est
423 376 479 439 quo
492 359 637 437 diffugiant
648 378 741 437 neque
754 373 875 438 corpora
888 367 954 419 sunt
966 373 1042 438 quoe

193 447 305 526 possint
315 444 442 504 incidere
454 452 483 503 et
496 443 588 503 valida
600 442 760 503 dissolvere
770 441 865 521 plaga]

194 529 271 610 quod
282 531 306 590 si
317 529 392 589 iorte
403 527 469 588 ideo
480 529 569 605 magis
582 524 744 587 immortalis
755 525 928 603 amendant,

194 613 270 695 quod
284 611 417 674 letalibus
429 612 464 671 ab
476 612 562 672 rebus
574 613 677 671 munita
688 620 817 687 tenetur,

193 706 241 758 aut
253 698 318 775 quia
328 714 385 756 non
393 698 509 756 veniunt
520 696 632 754 omnino
644 694 735 754 aliena
746 692 861 770 salutis,

130 791 183 845 800
194 790 240 842 aut
252 782 317 860 quia
328 798 400 860 quae
412 781 528 840 veniunt
545 778 639 858 aliqua
648 779 757 838 ratione
767 778 906 838 recedunt

194 863 277 945 pulsa
291 866 369 942 prins
381 882 464 944 quam
476 861 543 942 quid
554 872 676 923 noceant
689 863 796 934 sentire
808 878 959 940 queamus,

196 1116 310 1177 advenit
324 1116 353 1176 id
364 1115 442 1195 quod
455 1133 517 1176 eam
529 1116 565 1175 de
577 1116 663 1176 rebus
676 1133 765 1194 saepe
776 1113 876 1175 iuturis

193 1209 319 1261 macerat
331 1202 417 1279 inque
430 1209 506 1259 metu
521 1199 594 1260 male
604 1199 690 1260 habet
703 1200 836 1275 curisque
847 1198 962 1276 fatigat,

132 1295 183 1349 825
197 1285 416 1365 praeteritisque
427 1282 500 1343 male
511 1283 641 1344 admissis
653 1293 773 1363 peccata
784 1281 955 1343 remordent.

196 1369 268 1429 adde
280 1369 405 1428 furorem
417 1368 500 1426 animi
511 1369 658 1446 proprium
667 1375 753 1447 atque
765 1364 869 1427 oblivia
879 1384 990 1444 rerum,

197 1452 270 1513 adde
282 1451 358 1530 quod
368 1454 396 1510 in
407 1453 502 1529 nigras
514 1450 636 1530 lethargi
648 1453 785 1529 mergitur
794 1450 892 1511 undas.

238 1535 284 1595 Nil
296 1538 381 1614 igitur
391 1553 468 1596 mors
481 1535 572 1597 estad
583 1554 741 1615 nosneque
753 1537 876 1615 pertinet
885 1533 990 1614 hilum,

197 1619 423 1700 quandoquidem
434 1629 531 1680 natura
545 1622 627 1680 animi
637 1618 762 1680 mortalis
774 1618 902 1680 habetur.

133 1715 186 1769 830
197 1714 227 1766 et
237 1702 316 1765 velot
326 1713 391 1764 ante
402 1713 468 1766 acto
479 1703 518 1764 nil
530 1713 661 1783 ternpore
673 1706 814 1765 sensimus
826 1705 924 1783 aegri,

196 1788 232 1850 ad
244 1788 453 1867 confligendum
465 1789 645 1851 venientibus
657 1788 780 1868 undique
794 1788 915 1867 Poenis,

197 1875 288 1935 omnia
300 1891 364 1935 cum
374 1871 447 1935 belli
455 1872 568 1952 trepido
581 1892 722 1936 concussa
733 1872 852 1934 tumultu

197 1958 310 2018 horrida
321 1967 520 2020 contremuere
532 1959 585 2019 suh
597 1958 661 2019 altis
672 1957 796 2018 aetheris
813 1960 886 2035 oris,

196 2044 224 2100 in
236 2041 379 2120 dubioque
390 2041 472 2102 fuere
484 2052 609 2102 utrorum
620 2040 655 2102 ad
665 2059 754 2118 regna
766 2041 921 2102 cadendum

133 2134 185 2188 835
197 2126 326 2185 omnihus
338 2124 465 2185 humanis
478 2135 558 2186 esset
569 2134 702 2205 terraque
713 2127 855 2204 marique,

197 2210 258 2286 sic,
270 2209 319 2268 ubi
330 2225 387 2268 non
399 2210 520 2287 erimus,
534 2227 598 2271 oum
611 2211 740 2288 corporis
752 2218 836 2288 atque
848 2212 946 2270 animai

196 2292 344 2353 discidium
358 2293 460 2371 inerit,
473 2295 574 2372 quibus
591 2313 608 2354 e
622 2312 718 2354 sumus
729 2295 822 2353 uniter
832 2297 906 2374 apti,

196 2376 327 2458 scilicet,
339 2377 412 2438 haud
423 2378 505 2439 nobis
523 2380 688 2459 quicquam,
703 2380 818 2458 quinon
830 2381 1022 2457 erimustum‚

196 2461 330 2523 accidere
343 2464 455 2523 omnino
468 2465 574 2542 poterit
586 2481 758 2541 sensumque
770 2480 905 2540 movere,

133 2553 186 2610 840
198 2564 254 2605 non
266 2548 290 2606 si
301 2556 377 2606 terra
387 2547 455 2606 mari
465 2547 632 2607 miscebitur
643 2556 673 2606 et
684 2564 760 2606 mare
775 2546 865 2606 caelo.

197 2639 226 2691 et
238 2633 262 2688 si
275 2632 329 2690 iam
338 2639 436 2690 nostro
450 2633 536 2690 sentit
551 2629 587 2690 de
600 2647 740 2708 corpore,
751 2639 900 2709 postquam

198 2714 376 2789 distractast,
388 2715 470 2771 animi
482 2723 579 2775 natura
589 2715 755 2792 animaeque
766 2722 912 2792 potestas,

196 2795 235 2857 nil
247 2805 340 2856 tamen
355 2805 399 2857 est
410 2796 445 2856 ad
455 2814 524 2874 nos,
538 2799 585 2876 qui
597 2806 712 2876 comptu
725 2799 915 2877 coniugioque

198 2881 327 2958 corporis
340 2889 425 2958 atque
436 2883 543 2941 animae
556 2884 736 2943 consistimus
746 2883 839 2942 uniter
853 2884 920 2961 apti.

132 2973 184 3026 845
197 2983 269 3041 nec,
282 2966 307 3024 si
319 2964 464 3024 materiem
473 2975 598 3026 nostram
611 2964 762 3044 collegerit
775 2975 853 3027 aetas

196 3057 262 3126 post
274 3049 381 3109 obituro
392 3067 560 3128 rursumque
569 3050 715 3129 redegerit
727 3060 756 3110 ut
768 3052 821 3111 site
833 3068 907 3110 nuno
916 3053 984 3127 est,

195 3142 279 3212 atque
290 3133 391 3193 iterum
402 3134 485 3194 nobis
497 3134 600 3195 luerint
612 3135 674 3194 data
685 3132 788 3193 lumina
798 3136 891 3212 vitae,

194 3218 337 3296 pertineat
349 3220 500 3297 quicquam
510 3229 603 3279 tamen
615 3218 650 3279 ad
660 3235 713 3278 nos
726 3218 753 3277 id
766 3235 880 3298 quoque
893 3217 1016 3298 iactum,

194 3304 349 3380 interrupta
360 3301 452 3366 semel
465 3321 528 3364 oum
539 3305 576 3364 sit
586 3303 735 3363 retinentia
746 3305 844 3363 nostri.

129 3394 182 3447 850
193 3394 222 3444 ct
233 3403 308 3445 nnnc
319 3385 357 3445 nil
369 3385 405 3447 ad
416 3403 470 3448 nos
481 3386 517 3447 de
531 3388 614 3448 nobis
625 3389 741 3463 attinet,
758 3396 823 3448 ante

33 3474 35 3479 '
197 3469 945 3551 quiiuimus5ceqoeiamdeillisnosadiicitaugor.
