2288 3886
116 182 174 249 toa
602 179 628 236 V

198 351 245 431 qni
256 367 307 410 sua
318 356 460 425 tutentur,
474 345 585 426 quando
597 347 726 408 omnibus
738 348 830 407 omnia
841 346 920 426 large

197 432 284 496 tellus
295 435 359 511 ipsa
370 432 442 510 parit
453 440 608 510 naturaque
620 430 739 492 daedala
749 449 853 491 rerum.
868 429 881 515 ΙΙ

135 527 186 582 235
242 517 385 595 Principio
403 516 534 594 quoniam
544 515 629 575 terrai
641 532 747 594 corpus
759 523 789 575 et
800 533 882 575 umor

197 618 383 680 aurarumque
394 598 477 660 leves
488 599 596 658 animae
609 596 748 678 calidique
758 616 899 678 vapores,

198 705 215 746 e
230 685 332 765 quibus
346 684 420 743 baec
430 700 524 744 rerum
535 683 694 743 consistere
706 700 814 744 summa
824 684 955 761 videtur,

198 769 291 830 omnia
301 769 395 828 nativo
406 784 441 828 ac
453 765 564 827 mortali
577 783 700 845 corpore
714 777 860 847 constant,

199 853 286 914 debet
298 851 401 913 eodem
413 852 503 911 omnis
517 849 611 910 mnndi
621 860 719 910 natura
729 853 833 932 putari.

134 947 186 1003 240
201 939 307 1017 quippe
320 937 441 1012 etenim,
454 952 572 1014 quorum
583 935 671 1015 partis
683 944 712 995 et
723 935 848 996 membra
859 935 990 998 videmus

201 1038 324 1100 corpore
338 1020 434 1080 nativo
449 1037 484 1080 ac
498 1018 663 1080 mortalibus
677 1037 744 1080 esse
758 1020 872 1098 liguris,

199 1105 272 1167 baec
283 1105 383 1165 eadem
395 1103 485 1163 ferme
498 1101 625 1163 mortalia
640 1105 780 1164 cernimus
792 1122 860 1164 esse

201 1200 230 1251 et
240 1190 333 1250 nativa
347 1187 439 1249 simul.
453 1196 627 1266 quapropter
637 1189 755 1247 maxima
770 1186 863 1247 mundi

202 1291 265 1333 cnm
277 1272 388 1333 videam
402 1271 526 1331 membra
537 1289 571 1331 ac
584 1273 672 1350 partis
687 1281 854 1351 consumpta
865 1273 997 1353 regigni,

135 1369 186 1423 245
201 1360 276 1419 scire
291 1355 362 1418 licet
376 1354 449 1416 caeli
463 1371 577 1434 quoque
588 1357 656 1415 item
670 1364 822 1434 terraeque
834 1355 927 1418 inisse

201 1438 369 1520 principiale
380 1436 495 1517 aliquod
506 1447 619 1517 tempus
632 1436 800 1518 clademque
815 1438 935 1500 laturam

242 1523 317 1584 lllnd
329 1524 356 1582 in
368 1522 412 1584 bis
424 1522 511 1582 rebus
522 1540 558 1582 ne
572 1523 745 1601 corripuisse
756 1525 846 1585 rearis

200 1629 246 1670 me
256 1607 340 1685 mibi,
353 1605 429 1686 quod
439 1614 542 1666 terram
552 1615 638 1684 atque
648 1608 744 1684 ignem
755 1607 884 1668 monalia
894 1627 1003 1689 sumpsr

200 1712 286 1771 esse,
298 1709 392 1770 neque
404 1706 530 1750 umorem
544 1689 667 1751 dubitavi
679 1709 819 1770 aurasque
835 1695 948 1772 perire,

136 1790 190 1844 250
201 1788 286 1858 atque
301 1776 400 1836 eadem
411 1775 489 1852 gigni
499 1791 654 1855 rursusque
665 1793 825 1854 augescere
838 1777 895 1837 dixi
903 1823 912 1856 ‚

200 1862 339 1943 principio
352 1877 417 1940 pars
429 1860 514 1919 terrai
524 1858 675 1937 nonnulla,
687 1869 803 1938 perusta

201 1945 310 2009 solibus
322 1943 461 2021 adsiduis,
475 1942 561 2004 multa
572 1943 683 2022 pulsata
694 1944 798 2023 pedum
808 1945 854 2020 vi,
921 1978 928 1989 ·

200 2030 327 2110 pulveris
341 2027 454 2088 exhalat
468 2026 599 2087 nebulam
609 2028 758 2105 nubesque
772 2026 911 2106 volantis,

203 2132 272 2194 quas
284 2110 369 2171 validi
379 2119 440 2170 toto
453 2110 620 2189 dispergant
630 2117 699 2170 aere
710 2112 797 2171 venti.

136 2208 187 2263 255
203 2215 268 2278 pars
281 2197 363 2256 etiam
374 2193 522 2272 glebarum
532 2194 567 2254 ad
581 2194 713 2255 diluviem
725 2206 878 2257 revocatur

201 2281 355 2356 imbribus,
367 2288 397 2339 et
407 2278 483 2358 ripas
495 2277 620 2340 radentia
631 2278 743 2340 flumina
752 2280 863 2341 rodunt.

201 2373 351 2447 praeterea
364 2380 418 2443 pro
428 2372 509 2442 parte
522 2381 587 2442 sua,
604 2363 803 2443 quodcumque
814 2363 870 2424 alid
881 2375 984 2443 anget,

201 2449 340 2510 redditur:
354 2457 383 2508 et
396 2449 525 2527 qnoniam
538 2448 623 2508 dubio
635 2447 737 2527 procul
752 2465 820 2509 esse
834 2448 947 2509 videtur

203 2535 382 2612 omniparens
397 2532 498 2592 eadem
509 2549 603 2592 rerum
615 2549 764 2593 commune
776 2531 959 2611 sepulcrum,

139 2627 192 2683 260
204 2635 274 2696 ergo
286 2626 361 2676 terra
374 2615 424 2676 tibi
434 2615 538 2676 libatur
549 2625 578 2676 et
589 2626 670 2676 ancta
683 2617 832 2677 recrescit.
1032 2682 1035 2688 ,

244 2699 327 2773 Quod
337 2707 471 2776 superest
481 2745 490 2777 ,
502 2717 599 2760 umore
611 2717 686 2760 novo
699 2717 776 2760 mare
788 2700 900 2760 flumina
914 2700 1010 2763 fontes

204 2801 321 2862 semper
331 2782 473 2842 abundare
485 2792 515 2842 et
528 2781 629 2844 latices
640 2802 752 2846 manare
763 2785 898 2864 perennis

203 2866 242 2928 nil
255 2885 327 2947 opus
338 2875 384 2926 est
394 2867 508 2928 verbis:
521 2885 638 2945 magnus
651 2868 790 2930 decursus
802 2887 935 2949 aquarum

203 2951 328 3032 undique
341 2949 476 3012 declarat.
491 2951 545 3013 sed
555 2953 674 3032 primum
686 2953 821 3032 quicquid
832 2954 914 3031 aquai

139 3045 191 3103 265
203 3035 327 3114 tollitur,
340 3036 369 3095 in
382 3053 545 3116 summaque
559 3037 589 3097 iit
601 3046 632 3097 ut
643 3035 683 3095 nil
695 3054 777 3096 umor
786 3037 929 3115 abundet,

203 3122 304 3201 partim
316 3120 391 3199 quod
400 3119 486 3180 ualidi
497 3129 646 3181 verrentes
658 3138 783 3199 aequora
793 3123 872 3182 venti

203 3201 357 3265 diminuunt
367 3202 510 3284 radiisque
523 3214 658 3265 retexens
671 3204 814 3267 aetherius
827 3203 890 3283 sol,

202 3290 303 3368 partim
315 3287 390 3367 quod
404 3297 505 3367 supter
516 3306 572 3368 per
581 3298 672 3350 terras
686 3288 790 3350 diditur
800 3290 907 3349 omnis:

202 3368 367 3452 percolatur
376 3373 451 3433 enim
461 3372 557 3450 virus,
569 3383 704 3451 retroque
718 3381 842 3433 remanat

139 3464 192 3521 ato
203 3456 336 3516 materies
349 3458 453 3517 umoris
466 3465 493 3516 et
506 3455 541 3516 ad
558 3465 642 3536 caput
653 3457 779 3517 amnibus
795 3459 884 3518 omnis
