2288 3886
98 218 162 287 164
351 239 355 243 ·
582 215 621 276 vl

184 386 322 460 carmina,
337 387 481 462 picturas,
495 391 524 443 et
537 381 653 442 daedala
665 386 745 462 signa
757 383 867 464 polire,

97 478 169 532 1450
183 488 252 530 usus
265 476 294 528 et
305 468 443 546 impigrae
454 465 535 527 simul
548 469 725 545 experientia
734 471 836 528 mentis

183 551 316 632 paulatim
330 551 426 611 docuit
438 549 622 628 pedetcmtim
635 551 855 628 progredientis.

182 639 226 697 sic
238 653 322 693 unum
334 633 468 713 quicquid
482 632 612 712 paulatim
626 634 763 711 protrahit
775 644 852 695 aetas

181 720 210 778 in
221 717 344 778 medium
354 720 483 797 ratioque
495 720 523 776 in
533 716 644 777 luminis
656 720 740 794 erigit
752 735 831 778 oras:

180 820 303 881 namque
315 801 370 862 alid
382 821 419 862 ex
429 800 485 861 alio
498 800 661 861 clarescere
674 801 879 879 conveniebat,

98 896 165 962 1455
180 887 288 947 artibus
300 885 335 946 ad
347 904 483 946 summum
495 883 587 945 donec
597 902 705 944 venere
719 902 864 945 cacumen.

470 1094 717 1102 -ι---

340 1290 378 1382 u.
414 1222 677 1381 nunaunt
718 1288 856 1382 unm

175 1458 268 1570 llll
325 1454 617 1570 llllltllll
675 1453 1021 1575 Nlllllll

416 1639 563 1785 niuno
587 1640 776 1724 suiuus.

162 1915 299 2022 Primae
315 1962 478 2040 frugiparos
492 1961 567 2021 letus
580 1959 744 2023 mortalibus
756 1963 850 2038 aegris

180 2043 339 2105 dididerunt
351 2046 490 2122 quondam
504 2045 653 2123 praeclaro
664 2047 776 2105 nomine
789 2044 934 2124 Athenae,

179 2137 208 2187 et
223 2136 427 2187 recreaverunt
438 2129 522 2187 vitam
536 2128 678 2207 legesque
692 2139 843 2206 rogarunt,

179 2220 208 2270 et
219 2212 326 2288 primae
339 2211 478 2271 dederunt
489 2210 597 2271 solacia
608 2210 701 2271 dulcia
712 2215 804 2289 vitae,

150 2304 167 2356 5
182 2312 246 2354 cum
260 2313 388 2372 genuere
401 2297 491 2354 virum
503 2294 551 2355 tali
565 2313 627 2355 cum
639 2296 726 2356 eorde
738 2305 899 2374 repertum,

179 2381 271 2438 omnia
282 2380 410 2439 veridico
423 2381 471 2459 qui
483 2379 623 2456 quondam
639 2398 676 2439 ex
688 2397 738 2439 ore
750 2378 889 2458 profudit;
995 2398 998 2407 ·

178 2463 277 2540 cuius,
290 2472 319 2523 et
331 2465 466 2540 extincti,
482 2472 602 2542 propter
613 2462 705 2522 divina
714 2471 829 2541 reperta

177 2545 320 2624 divolgata
332 2557 415 2607 vetus
428 2548 481 2606 iam
492 2547 528 2606 ad
540 2546 650 2607 caelum
661 2545 751 2624 gloria
762 2545 861 2607 fertur.

176 2647 239 2690 uam
253 2648 316 2689 cum
328 2631 398 2689 vidit
412 2629 459 2688 hic
474 2629 508 2688 ad
520 2631 625 2689 victum
636 2649 708 2708 quac
722 2629 827 2707 flagitat
839 2648 906 2690 usus

131 2723 165 2775 lo
178 2714 269 2772 omnia
280 2714 334 2771 iam
345 2713 435 2772 ferme
446 2713 610 2772 mortalibus
626 2733 693 2774 esse
704 2722 816 2793 parata,

176 2804 223 2872 et,
236 2813 374 2873 proquam
385 2805 504 2873 posset,
519 2797 604 2855 vitam
616 2799 775 2859 consistere
786 2806 889 2873 tutam,

176 2879 279 2940 divitiis
291 2879 421 2939 homines
434 2879 582 2939 ethonore
595 2889 624 2940 et
634 2880 717 2941 laude
728 2881 853 2959 potentis

175 2962 294 3023 aiduere
306 2973 391 3042 atque
404 2964 477 3023 bona
488 2973 635 3042 gnatorum
648 2963 795 3025 excellere
807 2963 894 3041 iama,

174 3065 229 3107 nec
240 3049 331 3109 minus
344 3067 412 3108 esse
425 3047 500 3107 domi
512 3049 640 3127 cuiquam
649 3057 743 3108 tamon
754 3048 834 3107 anxia
845 3047 948 3122 corda,

24 3187 27 3193 .
127 3142 159 3193 15
172 3139 256 3208 atque
267 3133 349 3191 animi
361 3133 477 3208 ingratis
489 3133 575 3191 vitam
585 3149 691 3191 vexare
703 3135 808 3192 timore

175 3214 295 3275 faustam
305 3225 390 3293 atque
401 3214 512 3276 infestis
525 3217 591 3292 cogi
603 3217 714 3274 saevire
728 3213 881 3293 querellis,
988 3217 997 3233 ‘

174 3295 317 3374 intellegit
327 3299 366 3357 ihi
377 3300 474 3358 vitium
486 3317 536 3359 vas
552 3298 792 3377 eihcereipsum,

176 3380 325 3457 omniaque
337 3379 413 3442 illius
428 3383 497 3441 vitio
512 3383 688 3460 corrumpier
699 3383 792 3458 intus,

76 3467 79 3471 ’
175 3481 249 3547 quae
262 3462 373 3523 conlata
385 3464 473 3542 ioris,
488 3474 516 3524 et
529 3465 693 3543 commoda,
707 3483 829 3544 cumque
840 3465 987 3531 venirentt
