2288 3886
612 154 626 214 1

204 338 261 401 quo
273 322 363 398 magis
377 329 523 380 aeternum
535 321 569 380 da
583 319 683 399 dictis,
698 322 777 399 diva,
789 322 931 400 leporem.

204 404 290 465 effice
301 412 331 464 ut
342 405 451 465 interea
461 404 522 464 iera
532 422 666 465 moenera
677 406 782 466 militiai

154 497 191 553 30
204 506 259 569 per
269 489 354 548 maria
365 505 399 548 ac
410 496 500 549 terras
513 489 602 549 cmnis
614 491 707 567 sopita
718 491 879 567 quiescant:

202 589 266 632 narn
277 580 307 632 tu
318 570 380 631 sela
391 579 476 649 potes
488 570 637 650 tranquilla
647 590 720 652 paee
731 575 827 632 iuvare

202 654 345 732 mortalis,
361 657 492 733 quoniam
502 655 576 746 beili
583 654 644 716 fera
655 673 789 717 moenera
799 655 912 716 Mavors

203 741 376 818 armipotens
387 740 478 816 regit,
490 741 518 798 in
530 741 668 817 gremium
680 742 728 819 qui
739 758 828 820 saepe
840 751 917 801 tuum
928 759 962 800 se

202 824 286 884 reicit
297 831 415 883 aeterno
427 823 556 885 devictus
569 822 687 884 vulnere
699 826 819 902 amoris,

151 916 187 972 35
204 917 289 986 atque
301 908 339 967 ita
350 908 529 986 suspiciens,
542 909 626 967 tereti
638 910 754 969 cervice
765 917 898 987 reposta,

203 992 295 1071 pascit
307 1008 402 1051 amore
413 991 529 1070 avidos,
541 991 649 1052 inhians
662 994 689 1051 in
701 1001 747 1069 te,
762 992 831 1070 dea,
843 993 939 1067 visus,

203 1094 279 1154 eque
291 1084 339 1135 tuo
350 1074 458 1153 pendet
467 1077 593 1154 resupini
604 1077 719 1154 spiritus
732 1093 791 1136 ore.

202 1160 278 1221 hune
289 1168 335 1237 tu,
348 1158 427 1237 diva,
444 1167 492 1218 tuo
504 1160 688 1220 recubantem
699 1176 821 1239 corpore
834 1168 933 1220 saneto

206 1243 386 1305 circumfusa
398 1261 502 1320 super,
514 1245 608 1303 suavis
622 1261 658 1304 ex
669 1261 719 1303 ore
731 1242 873 1322 loquellas

154 1337 189 1392 40
205 1327 292 1388 iunde
303 1336 406 1405 petens
418 1325 557 1405 placidam
571 1326 722 1404 Romanis,
737 1326 859 1405 incluta,
871 1344 988 1404 pacem:

203 1429 266 1472 nam
279 1428 374 1488 neque
385 1427 438 1470 nos
450 1427 537 1487 agere
550 1410 606 1471 hoe
618 1412 717 1489 patriai
729 1419 859 1488 tempore
871 1412 967 1488 inique

203 1511 356 1576 possumus
368 1510 460 1572 aequo
472 1496 563 1554 anime
575 1512 630 1554 nee
642 1493 755 1554 Memmi
768 1493 843 1555 cisra
853 1511 983 1573 propago

204 1578 308 1640 talibus
320 1579 348 1636 in
358 1578 444 1638 rebus
463 1580 602 1638 communi
614 1578 700 1639 desse
711 1577 802 1638 saluti.

206 1662 308 1742 [omnis
320 1663 393 1720 enim
404 1679 457 1740 per
468 1681 501 1722 sc
514 1662 606 1721 divum
618 1671 714 1722 natura
725 1670 877 1722 necessest

155 1755 190 1810 45
203 1742 352 1806 immortali
362 1762 435 1805 aevo
447 1762 553 1806 summa
564 1764 628 1806 cum
638 1764 711 1824 pace
724 1745 831 1805 fruatur

205 1839 315 1891 semota
326 1829 361 1889 ab
373 1831 477 1890 nostris
490 1830 576 1892 rebus
589 1830 776 1909 seiunctaque
788 1828 875 1905 longe

205 1932 267 1973 nam
279 1914 387 1992 privata
398 1912 497 1974 dolore
509 1916 582 1973 omni
594 1915 702 1992 privata
713 1912 830 1992 periclis

205 2000 268 2076 ipsa
281 1999 340 2058 suis
352 1995 465 2075 pollens
479 1997 581 2074 opibus
593 1996 661 2057 nihii
673 1997 767 2073 indiga
779 1997 868 2054 nostri

206 2099 262 2142 nec
274 2081 348 2140 bene
361 2081 523 2158 promeritis
537 2081 646 2159 capitur
657 2098 712 2142 nec
723 2080 846 2155 tangitur
856 2079 908 2148 irai

613 2231 630 2269 'i

158 2426 193 2479 50
209 2414 286 2494 quod
297 2432 385 2493 super
397 2424 458 2492 est,
472 2432 575 2475 vacuas
588 2414 661 2474 auris
674 2415 849 2492 animumque
861 2430 997 2490 sagacem

155 2547 167 2570 .
208 2508 347 2560 semotum
358 2516 374 2558 a
386 2501 461 2558 curis
475 2499 576 2557 adhibe
588 2514 683 2556 veram
695 2496 730 2555 ad
742 2499 893 2563 rationem3

207 2602 244 2643 ne
256 2600 318 2640 mea
330 2581 402 2640 dena
413 2582 464 2640 tibi
475 2581 568 2640 studio
581 2579 708 2657 disposta
720 2578 796 2638 fideli
803 2625 812 2656 ,

208 2664 354 2725 intellecta
364 2665 442 2741 prius
455 2682 537 2743 quam
549 2664 621 2741 sint,
640 2672 801 2740 contempta
812 2662 964 2742 relinquas.

208 2766 270 2808 nam
281 2749 331 2807 tibi
343 2747 379 2806 de
390 2764 496 2807 summa
509 2746 581 2807 caeli
592 2747 700 2807 ratione
713 2746 854 2825 deumque

158 2843 193 2895 55
209 2832 352 2892 disserere
364 2833 511 2909 incipiam,
528 2840 557 2890 et
567 2848 661 2890 rerum
673 2830 823 2908 primordia
835 2830 970 2908 pandam,

208 2915 282 2976 unde
295 2915 385 2976 omnis
396 2925 494 2974 natura
506 2923 586 2975 creet
597 2933 661 2991 res,
674 2922 786 2992 auctet,
798 2913 928 2992 alatque,

209 3016 303 3079 quove
315 2998 414 3058 eadem
425 3017 535 3058 rursum
547 3006 643 3058 natura
656 3007 803 3076 perempta
816 2996 956 3066 resolvat;

209 3100 282 3162 quae
293 3100 346 3144 nes
357 3084 502 3142 materiem
513 3091 542 3142 et
554 3080 686 3160 genitalia
698 3098 819 3160 corpora
829 3082 916 3141 rebus

208 3165 352 3227 reddunda
362 3168 390 3226 in
401 3167 509 3226 ratione
521 3184 627 3226 vocare
639 3174 668 3226 et
678 3166 784 3225 semina
795 3183 887 3224 rerum

158 3261 193 3315 60
207 3249 353 3330 appellare
364 3257 479 3310 sue'rnus
492 3259 521 3309 et
532 3250 604 3310 haee
615 3249 714 3310 eadem
725 3266 861 3327 usurpare

211 3351 332 3412 corpora
343 3336 449 3413 prima,
463 3333 539 3412 quod
550 3352 586 3394 ex
598 3332 654 3392 illis
666 3341 730 3393 sunt
741 3333 832 3391 omnia
843 3331 949 3409 primis.

250 3416 374 3478 Humana
386 3426 451 3478 ante
463 3416 563 3478 oculos
575 3415 661 3477 foede
674 3433 737 3476 curn
747 3417 803 3475 vita
814 3417 922 3474 iaceret
