2288 3886
540 186 567 244 V

137 349 242 410 multus
255 351 329 410 enim
341 347 419 411 calor
433 359 519 426 atque
531 366 611 407 umor
623 350 775 428 superabat
789 353 816 411 in
827 354 916 413 arvis:

136 433 194 494 boc
206 435 255 493 ubi
268 451 399 511 quaeque
411 431 468 492 loci
482 433 565 508 regio
581 444 740 511 opportuna
752 435 884 514 dabatur,

64 530 121 582 ⁶05
139 516 312 578 crescebant
324 517 396 576 uteri
409 525 512 576 terram
526 514 667 577 radicibus
680 519 751 596 apti;

136 619 210 680 quos
222 601 271 660 ubi
283 610 412 679 tempore
423 607 531 658 maturo
543 599 719 678 petefeeerat
729 611 807 664 aetas

137 684 289 761 infantum,
303 684 416 760 fugiens
428 700 553 742 umorem
565 701 704 762 aurasque
716 695 886 763 petemus,

138 767 326 829 convertebat
336 768 375 827 ibi
390 775 485 825 natura
498 766 632 826 foramina
645 776 737 827 terrae

136 862 167 913 et
177 869 278 913 sucum
288 853 369 910 renis
384 850 507 926 cogebat
519 849 639 910 sundere
652 853 757 929 apertis

65 946 125 1000 810
139 933 315 996 consimilem
327 933 426 1011 lactis,
439 935 514 994 sicut
524 952 598 994 nunc
609 933 711 994 femina
723 951 853 1012 quaeque

137 1037 202 1078 cum
214 1019 346 1096 peperit,
359 1017 435 1078 dulci
447 1015 576 1096 repletur
587 1016 681 1095 lacte,
698 1016 775 1096 quod
787 1020 876 1078 omnis

133 1105 259 1180 impetus
272 1102 301 1160 in
311 1117 443 1161 mammas
457 1104 630 1162 convertitur
642 1101 691 1161 ille
703 1099 834 1161 alimenti.

135 1194 212 1245 terra
225 1185 318 1245 eibum
332 1186 446 1263 pueris,
459 1194 569 1244 vestem
581 1203 687 1262 vapor,
699 1184 787 1245 berba
803 1183 897 1244 cubile

134 1268 293 1348 praebebat
306 1266 393 1327 multa
404 1276 433 1326 et
445 1266 524 1326 molli
536 1267 667 1346 lanugine
678 1267 830 1328 abundans.

59 1362 120 1418 815
133 1362 162 1412 at
178 1353 288 1412 novitas
300 1351 395 1411 mundi
407 1368 462 1410 nec
473 1349 579 1428 frigora
590 1352 657 1412 dura
671 1353 764 1411 ciebat

133 1454 190 1496 nec
204 1437 305 1495 nimios
317 1444 414 1495 aestus
425 1452 480 1494 nec
492 1438 599 1512 magnis
610 1436 716 1496 viribus
729 1454 819 1496 auras.

135 1521 227 1580 omnia
238 1520 312 1579 enim
322 1519 429 1598 pariter
441 1528 574 1579 crescunt
586 1529 615 1579 et
626 1521 730 1580 robora
742 1527 861 1580 sumunt.

176 1600 271 1675 Quare
283 1603 366 1661 etiam
377 1610 463 1680 atque
476 1603 559 1663 etiam
569 1613 724 1665 maternum
734 1622 836 1663 nomen
847 1602 949 1683 adeptu

133 1696 209 1746 terra
221 1695 300 1745 tenet
310 1687 427 1762 merito,
444 1689 574 1764 quoniam
585 1705 676 1764 genus
690 1690 752 1765 ipsa
764 1690 870 1747 creavit

60 1781 121 1834 820
131 1768 280 1828 humanum
292 1779 376 1847 atque
387 1768 487 1828 animal
498 1786 590 1847 prope
602 1779 682 1829 certo
694 1778 822 1847 tempore
834 1769 905 1830 fudit

133 1871 234 1929 omne,
248 1851 323 1930 quod
334 1855 362 1911 in
373 1854 482 1930 magnis
494 1851 647 1912 bacchatur
657 1851 791 1912 montibu’
802 1855 924 1930 passim,

132 1938 283 2014 adriaeque
295 1935 377 1996 simul
388 1935 523 1996 volucres
534 1936 697 1996 variantibu'
709 1934 814 1996 iormis.

132 2019 185 2081 sed
200 2021 264 2098 quia
277 2020 360 2079 finem
374 2018 495 2098 aliquam
506 2019 632 2099 pariendi
644 2019 729 2079 debet
740 2019 863 2096 babere,

133 2104 261 2180 destitit,
273 2112 303 2162 ut
315 2102 417 2163 mulier
431 2105 524 2183 spatio
536 2103 651 2164 deiessa
662 2112 785 2165 vetusto.

63 2198 120 2252 825
134 2196 223 2247 mutat
236 2189 310 2248 enim
322 2186 416 2246 mundi
426 2197 551 2248 naturam
562 2189 648 2249 totius
659 2198 755 2267 aetas,

132 2289 170 2331 ex
181 2270 294 2349 alioque
306 2269 378 2331 alius
391 2280 480 2332 status
492 2275 627 2348 excipere
642 2274 732 2331 omniu
742 2271 845 2348 debet,

132 2373 188 2415 nec
199 2364 292 2414 manet
302 2352 360 2414 ulla
371 2357 414 2415 sui
426 2355 524 2416 similis
538 2375 600 2415 res:
612 2357 704 2415 omnia
714 2356 849 2432 migrant,

115 2502 118 2506 ,
132 2439 224 2498 omnia
238 2447 389 2499 commutat
401 2448 499 2499 natura
510 2448 539 2499 et
553 2448 666 2500 vertere
680 2440 765 2514 cogit.

131 2539 253 2600 namque
265 2521 332 2581 aliut
342 2525 483 2601 putrescit
498 2532 527 2583 et
537 2540 609 2583 aevo
621 2521 716 2582 debile
728 2521 859 2599 languet,

64 2615 119 2669 830
130 2622 217 2684 porro
230 2604 297 2665 aliut
310 2603 443 2668 clarescit
454 2616 511 2666 etc
526 2607 734 2685 contemptibus
746 2607 814 2667 exit.
925 2642 928 2649 ·

131 2691 174 2748 sic
186 2690 272 2766 igitur
284 2689 378 2749 mundi
389 2699 513 2752 naturam
523 2693 609 2752 totius
619 2699 697 2751 aetas

132 2781 235 2849 mutat,
248 2781 278 2833 et
289 2791 327 2832 ex
337 2773 392 2833 alio
404 2783 506 2834 terram
516 2782 604 2835 status
616 2776 723 2853 excipit
734 2774 822 2852 alter,

132 2856 208 2934 quod
220 2865 288 2934 pote
302 2859 341 2916 uti
351 2866 491 2935 nequeat,
507 2860 599 2936 possit
611 2858 687 2936 quod
701 2875 757 2917 non
769 2857 831 2919 tulit
845 2868 918 2919 ante.

174 2938 319 3016 Multaque
331 2948 389 3000 tum
400 2939 488 3001 tellus
500 2943 583 3002 etiam
595 2948 726 3020 portenta
738 2959 837 3001 creare

67 3031 120 3086 835
133 3032 260 3083 conatast
271 3025 340 3084 mira
350 3023 424 3084 iacie
436 3025 627 3101 membrisque
640 3033 753 3100 coorta,

131 3106 340 3185 androgynum,
351 3108 543 3186 interutraque
555 3125 610 3167 nec
622 3117 728 3183 utrum,
743 3108 882 3185 utrimque
893 3118 1042 3190 remotum,

133 3190 202 3250 orba
215 3189 320 3270 pedum
334 3193 449 3269 partim,
462 3209 590 3253 manuum
601 3190 711 3250 viduata
724 3192 867 3267 vicissim,

131 3284 206 3334 muta
217 3276 278 3334 sine
291 3292 342 3334 ore
353 3277 454 3353 etiam,
468 3277 529 3336 sine
540 3273 620 3334 voltu
632 3291 718 3334 caeca
728 3284 859 3354 reperta,

131 3360 282 3436 vinctaque
296 3356 484 3419 membrorum
496 3376 549 3438 per
559 3367 646 3417 totum
659 3374 763 3435 corpus
774 3357 915 3438 adhaesa,

65 3426 122 3504 oro
131 3460 187 3502 nec
199 3441 296 3503 lacere
310 3449 340 3502 ut
352 3452 471 3521 possent
487 3444 636 3523 quicquam
646 3459 701 3502 nec
715 3441 973 3587 cederelrprpquam
