2288 3886
115 169 156 232 32
469 204 472 209 -
601 165 628 228 ll

200 335 369 416 praesertim
381 349 444 393 cum
454 341 610 412 tempestas
621 335 730 394 adridet
742 343 771 395 et
781 335 846 395 anui

200 431 329 498 tempora
342 427 535 496 conspergunt
547 417 692 480 viridantis
705 417 822 479 llcribus
834 418 939 480 herbas

200 521 256 565 nae
269 500 376 563 calidae
390 503 472 561 citius
484 500 626 562 decedunt
638 520 761 581 corpore
772 502 886 579 febres,

153 597 188 651 55
201 585 348 648 textilibus
360 587 385 647 si
396 587 424 644 in
435 585 553 664 picturis
565 596 701 665 ostroque
713 587 824 647 rubenti

204 671 335 748 iactcris,
349 671 466 749 quamsi
477 671 506 728 in
517 669 631 748 plebeia
642 679 725 730 veste
738 669 894 730 cubandum
906 679 960 730 est.

204 764 379 835 quapropter
389 755 520 833 quoniam
532 754 571 814 nil
583 764 681 815 nostro
694 757 721 814 iu
734 772 856 833 corpore
867 771 955 831 gazae

203 839 354 920 proliciunt
366 856 460 916 neque
472 837 603 900 nobilitas
615 857 670 898 uec
683 838 774 916 gloria
785 839 884 916 regni,

205 922 281 1005 quod
292 932 443 1002 superest,
455 924 546 983 auimo
559 940 672 1001 quoquc
684 922 723 982 nil
735 922 875 1001 prodesse
887 920 1033 1000 putandum

155 1017 191 1072 40
205 1011 229 1070 si
240 1026 297 1068 uon
308 1007 382 1068 forte
395 1016 456 1066 tuas
467 1005 599 1085 legiones
611 1025 664 1086 per
675 1006 740 1066 loca
753 1008 843 1084 campi

204 1093 319 1153 fervere
332 1109 395 1151 cum
406 1091 520 1168 videas,
533 1089 602 1151 belli
613 1091 762 1152 simulacra
774 1091 893 1168 cientis,

205 1176 338 1238 subsidiis
349 1177 457 1254 maguis
468 1174 583 1236 hastatis
597 1174 809 1251 constabilitas,

207 1271 318 1322 amatas
330 1262 413 1322 armis
425 1261 530 1338 pariter
540 1261 702 1339 pariterque
715 1259 865 1333 animatas,

206 1345 320 1405 fervere
335 1361 398 1404 cum
409 1342 507 1403 videas
521 1343 642 1404 classem
653 1343 768 1422 lateque
782 1342 896 1419 vagari,

206 1430 250 1490 bis
261 1429 312 1488 tibi
323 1438 381 1488 tum
391 1427 478 1488 rebus
490 1427 649 1488 timefactae
660 1427 816 1504 religiones

154 1522 189 1575 45
204 1513 342 1590 effugiunt
353 1513 443 1571 auimo
455 1512 573 1589 pavide,
592 1513 747 1589 mortisque
759 1513 875 1571 timores

205 1606 264 1658 tum
274 1614 394 1656 vacuum
405 1605 507 1674 pectus
520 1595 626 1656 lincunt
639 1614 762 1674 curaque
774 1595 905 1657 solutum.

208 1680 285 1758 quod
296 1682 320 1741 si
331 1679 448 1740 ridicula
459 1679 531 1739 baec
542 1679 719 1759 ludibriaque
732 1699 800 1741 esse
811 1678 956 1752 videmus,

204 1783 237 1826 re
248 1783 373 1844 veraque
385 1773 476 1824 metus
488 1764 629 1825 homiuum
642 1783 784 1843 curaeque
796 1779 937 1842 sequaces

205 1868 260 1910 nec
271 1857 398 1910 metuunt
411 1851 519 1910 sonitus
534 1867 672 1909 armorum
683 1867 738 1908 nec
750 1850 810 1908 iera
821 1846 894 1922 tela,

157 1944 193 1997 50
206 1932 397 2013 audacterque
409 1935 579 2011 interreges
591 1951 742 2012 rerumque
753 1933 878 2012 potentis

205 2028 370 2094 versantur,
383 2036 477 2095 neque
489 2017 632 2096 fulgorem
642 2026 810 2077 reverentur
821 2017 855 2076 ab
867 2029 935 2074 auro

206 2121 261 2162 nec
274 2101 380 2162 clarum
391 2103 481 2162 vestis
493 2100 678 2180 splendorem
689 2103 859 2179 purpureai,

207 2185 274 2264 quid
289 2184 399 2246 dubitas
412 2187 478 2264 quin
491 2186 573 2245 omni’
586 2187 622 2245 sit
634 2184 705 2244 haec
715 2186 823 2245 rationi'
835 2175 988 2265 potestas?

207 2271 295 2330 omnis
311 2288 374 2329 cum
387 2270 415 2328 in
427 2269 553 2330 tenebris
564 2271 732 2349 praesertim
743 2271 800 2330 uita
812 2268 938 2329 laboret:

157 2365 190 2417 55
205 2373 268 2415 uam
280 2352 367 2414 veluti
379 2355 459 2433 pueri
471 2353 610 2434 trepidant
621 2363 706 2433 atque
719 2355 809 2413 omnia
822 2354 915 2414 caecis

204 2439 370 2499 intenebris
382 2448 524 2516 metuunt,
537 2440 579 2499 sic
593 2432 646 2500 nc's
659 2441 685 2497 in
695 2438 761 2498 luce
773 2439 901 2498 timemus

205 2522 360 2600 interdum,
372 2523 430 2583 nilo
443 2541 515 2601 quae
527 2531 591 2584 suut
602 2522 751 2582 metuenda
763 2523 851 2599 magis
865 2536 946 2600 quam

207 2625 279 2687 quae
290 2608 372 2686 pueri
383 2609 410 2666 in
421 2607 549 2667 tenebris
560 2609 683 2685 pavitant
695 2606 859 2685 linguntque
871 2605 972 2665 lutura.

205 2691 280 2751 bunc
291 2691 376 2767 igitur
387 2699 525 2750 terrorem
536 2691 617 2749 animi
629 2690 820 2769 tenebrasque
832 2695 985 2750 necessest

75 2840 76 2844 ,
158 2784 193 2839 60
208 2791 265 2834 non
275 2772 344 2832 radii
355 2771 425 2833 solis
435 2791 530 2852 neque
541 2772 634 2833 lucida
644 2773 701 2834 tela
713 2774 768 2834 diei

206 2857 372 2934 discutiant,
385 2858 438 2917 sed
448 2868 563 2918 naturae
575 2860 690 2937 species
703 2860 840 2937 ratioque.

247 2939 330 3000 Nunc
340 2959 412 3019 age,
425 2960 481 3021 quo
493 2951 570 3002 motu
581 2941 714 3020 genitalia
725 2942 849 3003 materiai

207 3043 326 3104 corpora
337 3043 384 3086 res
396 3028 487 3087 varias
498 3028 613 3104 gignant
624 3029 793 3106 genitasque
804 3023 967 3103 resolvant,

206 3120 235 3171 et
247 3128 300 3189 qua
312 3112 340 3169 vi
351 3110 449 3170 facere
461 3111 488 3170 id
501 3119 654 3189 cogantur,
667 3129 798 3189 quaeque
810 3110 846 3170 sit
859 3109 923 3170 ollis

158 3203 191 3257 65
205 3195 314 3254 reddita
325 3193 466 3254 mobilitas
478 3213 609 3272 maguum
620 3213 673 3273 per
684 3198 765 3254 iuane
777 3193 904 3269 meandi,

204 3279 367 3357 expediam:
380 3287 410 3339 tu
421 3288 449 3339 tc
462 3278 544 3340 dictis
555 3279 695 3358 praebere
707 3286 849 3339 memento

203 3381 266 3422 uam
279 3372 358 3424 certe
370 3381 426 3422 nou
436 3364 510 3423 inter
522 3382 554 3424 se
565 3363 667 3442 stipata
679 3362 814 3424 cohaeret

203 3448 354 3524 materies,
369 3449 497 3524 quoniam
508 3448 593 3506 minui
604 3465 664 3509 rem
676 3465 815 3526 quamque
827 3446 973 3526 ridemus,
