2288 3886
115 169 158 233 42
606 169 633 228 ll

200 338 347 400 horrorem
360 345 492 399 constare
503 335 652 397 elementis
666 336 778 397 levibus
790 354 882 415 aeque

200 442 235 484 ac
245 440 360 484 musaea
371 419 463 497 mele,
475 437 528 498 per
540 419 660 480 chordas
675 421 800 499 organici
813 439 885 501 quae

200 505 352 569 mobilibus
364 504 459 584 digitis
472 503 677 583 expergefacta
688 503 823 582 figurans

200 610 257 653 neu
271 589 354 652 simili
368 597 520 669 penetrare
533 598 617 667 putes
629 587 780 668 primordia
793 588 883 648 forma

139 685 189 738 415
200 676 229 737 in
240 693 324 736 nares
335 673 494 749 hominurn,
507 690 571 732 cum
580 681 670 733 taetra
683 671 821 733 cadavera
833 681 961 751 torrent,

95 766 97 770 ’
184 769 232 822 -et
244 776 308 820 cum
319 775 407 820 scena
419 773 506 818 croco
521 753 604 817 Cilici
616 755 846 837 periusarecens
861 766 906 816 est

203 861 307 923 araque
319 839 484 903 Panchaeos
500 839 612 901 exhalat
626 850 746 920 propter
759 838 879 908 odores:

201 946 276 988 neve
289 927 381 987 bonos
394 943 489 986 rerum
501 924 584 986 simili
596 935 727 986 constare
740 923 854 984 colores

203 1013 311 1074 semine
324 1011 498 1087 constituas,
512 1008 612 1070 oculos
625 1010 672 1088 qui
684 1026 806 1088 pascere
819 1017 958 1088 possunt,

138 1105 192 1158 420
203 1104 232 1156 ει
244 1095 291 1174 qui
304 1103 487 1174 conpungunt
501 1095 592 1154 aciem
604 1093 808 1173 lacrimareque
820 1101 927 1171 cogunt

203 1190 249 1240 aut
262 1178 347 1240 foeda
359 1180 460 1258 specie
476 1176 528 1238 diri
542 1172 700 1258 turpesque
710 1176 849 1238 videnlur.

203 1265 293 1325 omnis
307 1265 398 1339 enim,
415 1280 518 1324 sensus
530 1280 603 1341 quae
614 1260 721 1323 mulcet
733 1280 871 1340 cumque,
882 1260 986 1340 fipuru

202 1349 270 1408 haut
282 1348 343 1408 sine
356 1345 516 1427 principiali
527 1344 622 1424 aliquo
635 1344 734 1406 levore
748 1354 886 1407 creatast:

203 1441 231 1492 at
246 1440 343 1493 contra
356 1446 551 1509 quaecumque
564 1429 684 1491 molesia
695 1439 780 1508 atquc
794 1447 896 1508 aspera
911 1439 1023 1492 constat

140 1526 191 1578 425
203 1534 261 1577 non
272 1513 367 1593 aliquo
380 1515 442 1575 siue
454 1516 588 1575 materiae
602 1514 737 1593 squalore
747 1523 898 1593 repertast.

204 1608 268 1661 sunt
282 1601 366 1660 etiam
377 1616 449 1677 quae
462 1598 516 1657 ianr
527 1617 583 1658 nec
597 1597 671 1659 levia
682 1600 742 1659 iure
755 1607 887 1678 putantur

204 1702 271 1746 csse
286 1700 381 1762 neque
393 1682 505 1742 omnino
520 1681 601 1743 llexis
615 1683 795 1745 mucronibus
809 1699 897 1760 unca,

203 1766 256 1830 sed
266 1769 355 1845 magis
367 1764 487 1845 angellis
499 1765 612 1846 paulum
623 1768 831 1846 prostantihus,
844 1765 926 1827 undo

203 1849 318 1913 titillare
328 1853 418 1928 magis
430 1868 533 1912 sensus
546 1869 629 1931 quam
642 1850 756 1912 laedere
768 1859 904 1930 possunt;

139 1945 191 1999 tuo
203 1934 299 1997 leculo
309 1936 363 1996 iam
374 1952 430 2013 quo
443 1934 478 1994 de
490 1953 598 2014 genere
611 1944 656 1997 est
668 1935 819 2013 inulaeque
831 1952 962 2014 sapores.

203 2021 326 2098 denique
339 2021 394 2079 iam
406 2018 513 2078 calidos
528 2020 601 2097 ignis
616 2018 795 2097 gelidamque
807 2020 934 2098 pruinam

204 2102 331 2164 dissimili
347 2102 459 2162 dentata
472 2101 556 2162 modo
573 2119 757 2182 conpungere
769 2122 871 2165 sensus

205 2187 353 2265 corporis,
365 2185 470 2245 indicio
482 2186 565 2247 nobis
578 2196 623 2248 cst
636 2195 728 2247 tactus
741 2197 870 2267 uterque.

202 2279 295 2332 tactus
307 2271 397 2347 enim,
411 2278 521 2349 tactus,
534 2288 604 2349 pro,
619 2269 712 2330 diuum
724 2274 833 2332 numina
847 2279 960 2350 sancta,

139 2363 192 2417 435
204 2355 335 2434 corporis
348 2363 394 2417 est
407 2373 528 2433 sensus,
539 2355 588 2416 vel
601 2373 664 2416 cum
675 2374 722 2416 res
735 2366 833 2417 extera
845 2375 912 2417 sese

202 2440 340 2517 insinuat,
354 2438 402 2500 val
415 2457 478 2499 cum
491 2437 578 2501 laedit
593 2459 665 2520 quae
677 2442 704 2500 in
720 2458 841 2520 corpore
853 2448 944 2500 natast

203 2533 250 2585 aut
260 2524 337 2584 iuvat
352 2522 505 2602 egrediens
519 2525 651 2601 genitalis
663 2542 716 2602 per
728 2523 851 2586 Veneris
862 2543 920 2585 res.

203 2617 289 2689 atque
305 2625 342 2667 ex
353 2607 465 2667 oliensu
478 2624 541 2666 cum
550 2608 662 2668 turbant
675 2625 797 2687 corpore
811 2610 916 2688 inipso

204 2691 328 2767 semina,
344 2688 517 2750 ooniundunt
528 2691 601 2750 inter
613 2711 646 2752 se
660 2693 771 2753 concita
782 2711 911 2761 sensum;

140 2781 193 2838 tto
204 2783 234 2834 ut
247 2775 271 2835 si
281 2772 357 2835 iorte
368 2790 450 2834 manu
463 2775 588 2853 quamvis
600 2775 654 2835 iam
666 2778 794 2856 corporis
806 2777 870 2856 ipsc

204 2866 265 2920 tute
276 2858 328 2918 tibi
340 2865 449 2937 partem
461 2857 547 2919 ferias
558 2867 643 2939 atque
656 2861 814 2940 experiare.

205 2958 261 3023 qua
271 2950 391 3022 propter
400 2941 489 3021 longe
501 2942 604 3004 formas
616 2943 720 3004 distare
733 2954 884 3006 necessest

204 3027 368 3106 principiis,
382 3029 475 3087 varios
488 3044 560 3106 quae
575 3031 686 3107 possint
699 3028 786 3090 edere
798 3047 910 3090 sensus.

245 3109 377 3190 Denique
390 3126 463 3188 quaa
474 3111 557 3173 nobis
572 3111 668 3175 durata
680 3131 715 3174 ac
729 3114 823 3193 spissa
834 3112 982 3193 videntur,

141 3191 276 3255 isthaec
289 3194 379 3272 magis
389 3190 506 3256 hamatis
519 3196 593 3258 inter
604 3217 671 3259 sese
684 3216 751 3259 esse
761 3207 913 3259 necessest

205 3286 235 3338 et
247 3278 328 3357 quasi
337 3279 456 3341 ramosis
470 3277 526 3341 alte
540 3291 686 3361 compacta
700 3281 800 3341 teneri.

203 3361 233 3420 in
245 3377 301 3440 quo
315 3361 370 3424 lam
378 3380 488 3440 genero
500 3364 636 3443 inprimis
647 3364 820 3426 adamantius
831 3383 898 3426 saxa

203 3445 292 3526 primu
305 3447 367 3506 acie
380 3455 527 3528 constant,
540 3450 614 3512 ictus
628 3457 809 3511 contemnere
824 3458 924 3526 sueta,
