2288 3886
544 201 569 262 ll

143 377 317 451 quapropter
328 386 385 448 quo
397 385 471 427 nunc
483 369 511 427 in
521 377 598 428 motu
607 370 807 450 principiorum

144 470 264 534 corpore
277 461 360 531 sunt,
376 453 404 512 in
416 450 517 514 eodem
528 462 593 513 ante
605 461 667 513 acta
679 463 771 515 aetate
783 454 865 514 fuere

143 547 171 602 et
184 546 252 618 post
262 536 337 598 baec
349 554 465 615 semper
475 536 558 597 simili
572 538 680 597 ratione
695 537 838 617 feremur,

85 631 132 687 ³00
143 631 173 686 et
184 640 256 702 quac
269 621 433 682 consuerint
443 621 522 699 gigni
532 621 684 699 gignentur
694 621 793 683 eadem

144 706 313 769 condicione
323 714 354 766 et
368 713 450 766 erunt
461 713 490 764 et
504 713 637 765 crescent
648 706 734 784 vique
744 704 895 784 valebunt,

143 799 276 872 quantum
288 789 393 867 cuique
406 787 498 849 datum
509 796 554 848 est
567 806 620 867 per
632 787 750 849 foedera
761 792 876 850 naturai.

143 893 198 936 nec
209 891 305 935 rerum
316 889 451 933 summam
464 882 635 932 commutare
645 869 703 932 ulla
714 881 810 951 potest
822 875 882 936 vis:

143 977 207 1020 nam
217 975 312 1038 neque
326 974 383 1035 quo
395 957 488 1034 possit
499 973 590 1034 genus
600 955 688 1015 ullum
698 957 823 1016 materiai

83 1051 131 1107 305
144 1042 275 1120 effugere
288 1059 326 1103 ex
337 1041 412 1100 omni
427 1041 578 1119 quicquam
593 1049 797 1118 estnequam,
808 1042 943 1121 nequeiu
954 1058 1038 1105 omne

142 1126 217 1188 unde
229 1133 329 1187 coortu
342 1132 427 1204 quent
437 1140 512 1183 nove
521 1124 565 1184 vis
576 1125 738 1203 imumpere
751 1131 780 1184 et
791 1141 902 1186 omnem

142 1219 268 1272 naturam
278 1226 373 1270 rerum
383 1217 491 1270 mutare
501 1217 530 1269 et
542 1216 657 1268 uertere
667 1216 769 1268 motus.

184 1292 258 1355 lllud
270 1293 300 1353 in
311 1291 355 1354 his
366 1291 453 1354 rebus
464 1308 520 1351 uon
531 1300 577 1353 est
587 1291 732 1370 mirabile,
747 1310 852 1371 quere,

143 1379 235 1440 omnia
246 1394 414 1438 cumrerum
425 1375 575 1456 primordia
586 1377 641 1439 sint
652 1377 680 1436 in
691 1385 785 1455 motu,

80 1471 132 1526 310
144 1480 252 1526 summu
262 1471 355 1522 tamen
365 1477 472 1522 summa
483 1459 611 1520 videatur
624 1468 699 1521 sture
712 1463 825 1540 quiete,

143 1555 260 1626 praeter
271 1563 353 1625 quarn
363 1543 457 1624 siquid
467 1545 584 1624 proprio
597 1543 643 1605 dat
657 1561 779 1625 corpore
791 1553 893 1607 motus.

144 1633 234 1693 omnis
245 1630 320 1691 enim
330 1628 417 1707 longe
428 1630 532 1689 nostris
542 1628 578 1689 ab
590 1629 722 1690 sensibus
734 1629 805 1689 inira

143 1717 296 1794 primorum
307 1721 405 1774 natura
415 1712 503 1782 iacet;
517 1722 707 1793 quapropter,
719 1713 767 1773 ubi
777 1715 840 1792 ipsa

144 1816 265 1860 cernere
276 1799 331 1857 iam
342 1814 469 1876 nequeas
479 1840 488 1874 ‚
500 1805 593 1858 motus
606 1813 720 1875 quoquc
733 1815 851 1876 surpere
863 1796 985 1868 debente

79 1889 130 1945 315
144 1882 313 1963 praesertim
325 1899 402 1958 cum,
416 1896 489 1960 quae
501 1880 643 1958 possimus
657 1897 793 1959 cernere,
811 1878 906 1941 celent

144 1986 234 2048 saepe
243 1975 337 2028 temen
347 1975 457 2043 motus,
470 1963 563 2042 spetio
576 1961 688 2024 diducta
698 1962 834 2025 locomm.

143 2070 207 2113 nam
217 2068 308 2130 saepe
324 2047 431 2109 incolli
441 2048 591 2109 tondentes
603 2046 707 2128 pabule
717 2047 791 2111 lecta

142 2135 287 2214 lanigerae
299 2140 411 2213 reptant
422 2131 550 2213 pecudes
564 2151 620 2213 quo
633 2151 772 2215 quamque
782 2143 919 2196 vocantes

143 2220 260 2279 invitant
271 2217 378 2279 herbae
391 2226 567 2296 gemmantes
579 2234 645 2279 rore
656 2220 783 2297 recenti,

82 2310 134 2366 mo
145 2311 174 2365 et
184 2303 276 2364 satiati
288 2303 353 2380 agni
368 2301 465 2364 ludunt
475 2300 636 2382 blandeque
649 2312 817 2372 coruscent:

144 2387 235 2448 onmia
247 2404 320 2466 quae
330 2386 413 2447 nobis
427 2385 515 2464 longe
528 2385 646 2446 confusa
656 2376 786 2445 vitientur

144 2479 173 2532 et
185 2469 305 2531 velutin
317 2468 399 2531 viridi
412 2469 518 2531 candor
530 2471 689 2529 consistere
703 2467 778 2528 colli.

144 2563 294 2635 praeterea
304 2571 422 2632 magnae
436 2552 568 2632 legiones
585 2571 648 2612 cum
661 2551 726 2613 loca
738 2570 822 2614 cursu

145 2656 309 2718 camporum
320 2637 481 2717 complent,
493 2635 563 2698 belli
574 2635 724 2698 simulacra
734 2637 862 2717 cientes,

83 2728 133 2784 ³25
145 2720 242 2801 lulgor
253 2723 292 2783 ibi
302 2721 337 2785 ad
348 2721 457 2783 caelum
471 2741 504 2782 se
518 2720 608 2800 tollit,
621 2730 737 2802 totaque
752 2723 858 2784 circum

142 2824 212 2868 aere
220 2806 377 2869 renidescit
388 2805 490 2885 tellus,
506 2817 662 2888 supterque
675 2807 764 2866 virum
774 2808 804 2866 vi

142 2891 255 2952 excitur
263 2890 385 2971 pedibus
396 2892 524 2969 sonitus,
538 2889 718 2970 clamoreque
731 2900 842 2953 montes

143 2975 193 3037 icti
204 2976 343 3037 reiectant
352 2992 444 3038 voces
455 2974 491 3034 ad
502 2974 595 3035 sidera
605 2973 715 3051 mundi,

144 3068 174 3121 et
185 3060 293 3120 circum
305 3058 422 3122 volitant
433 3061 546 3139 equites
558 3058 725 3137 mediosque
736 3067 857 3139 repente

84 3147 134 3206 dib
145 3146 298 3206 tramittunt
307 3142 400 3205 ualido
414 3145 572 3223 quatientes
583 3145 688 3222 impete
702 3160 833 3223 campos:

145 3236 175 3288 et
184 3236 278 3290 temen
290 3237 335 3289 est
346 3227 457 3309 quidem
468 3226 550 3287 locus
561 3225 625 3287 altis
636 3227 792 3302 montibus,
805 3227 887 3288 uode

144 3320 221 3374 stare
230 3310 363 3374 ridentur
373 3320 403 3375 et
416 3312 444 3372 in
457 3311 562 3389 campis
575 3309 735 3370 consistere
748 3309 852 3388 fulgor.

185 3393 269 3456 Nunc
282 3414 353 3474 ege,
364 3397 418 3456 iam
428 3394 566 3473 deinceps
581 3401 743 3454 cunctarum
755 3392 870 3456 exordia
880 3411 976 3455 rerum

145 3477 237 3556 qualia
247 3479 303 3540 sint
316 3488 346 3539 et
359 3494 440 3559 quam
451 3478 539 3556 longe
551 3476 680 3539 distantia
690 3475 787 3539 formis
