2288 3886
146 370 225 430 inter
236 385 269 430 se
282 364 366 428 simili
376 381 449 444 quae
460 373 526 426 sunt
537 363 668 443 perlecta
680 366 784 445 figura,

80 464 134 519 625
146 451 256 514 infinita
266 449 374 512 oluere.
394 450 499 509 etenim
512 446 640 508 distantia
652 467 715 509 eum
727 451 765 511 sit

147 536 304 598 formarum
315 534 407 611 linita,
419 549 544 592 neeesse
558 539 603 592 est
614 549 686 612 quae
699 533 807 595 similes
819 534 877 597 siut

148 638 220 682 esse
231 618 369 694 infinitas,
380 623 427 677 aut
439 633 574 676 summam
585 617 709 676 materiai

148 705 254 765 [initam
267 709 417 777 constare,
430 698 459 759 id
470 698 547 777 quod
559 716 616 760 nou
628 707 695 761 esse
707 703 835 780 probavi.
850 700 864 784 Η

560 869 576 901 ηε

147 1035 283 1098 versibus
298 1033 445 1096 ostendam
457 1033 628 1113 eorpusoula
638 1036 763 1096 materiai

79 1133 136 1187 530
146 1139 186 1182 ex
196 1121 304 1181 inlinito
317 1136 451 1180 summam
465 1135 559 1179 rerum
572 1137 664 1197 usque
676 1127 793 1195 tenere,

149 1203 276 1282 undique
288 1201 403 1283 protelo
418 1201 565 1282 plagarum
578 1205 750 1264 continuato.

149 1307 214 1349 nam
227 1288 304 1367 quod
315 1304 378 1347 rara
388 1286 470 1348 vides
481 1287 570 1366 magis
583 1306 652 1350 osse
662 1284 791 1349 animalia
802 1285 957 1369 quaedam,

149 1370 360 1451 feoundamque
371 1372 462 1432 minus
475 1380 599 1432 naturam
611 1370 831 1451 carnisumis,

149 1466 178 1517 at
188 1457 309 1534 regione
323 1455 448 1534 locoque
460 1455 516 1516 alio
527 1458 669 1536 terrisque
683 1458 800 1518 remotis

81 1553 137 1606 535
149 1539 237 1601 multa
247 1538 317 1600 lieet
327 1558 436 1618 genere
448 1559 517 1602 esso
527 1541 555 1600 iu
566 1559 603 1602 eo
614 1558 816 1621 numerumque
828 1540 951 1621 repleri:

150 1627 226 1687 sieut
239 1623 442 1703 quadripedum
454 1642 517 1685 oum
530 1627 626 1704 primis
638 1645 705 1687 esse
716 1626 845 1706 videmus

148 1712 178 1769 in
190 1725 298 1787 genere
310 1709 492 1786 anguimanus
504 1708 691 1789 elephantos,
706 1708 783 1770 ludia
799 1727 917 1788 quorum

150 1793 264 1853 milibus
281 1792 403 1853 emultis
414 1791 491 1853 vallo
501 1795 623 1853 munitur
633 1794 759 1870 ebumo‚

148 1886 181 1938 ut
192 1878 305 1957 penitus
317 1884 441 1956 nequeat
453 1877 610 1955 penetrari:
621 1884 697 1936 tanta
707 1874 830 1936 ferarum

84 1972 139 2027 540
151 1963 197 2023 uis
211 1970 271 2030 est;
283 1978 399 2039 quarum
409 1977 462 2023 nos
474 1977 618 2040 perpauea
629 1959 761 2039 exempla
771 1957 909 2019 videmus.

150 2045 205 2109 sed
215 2055 309 2106 tamen
320 2045 349 2105 id
360 2063 475 2125 quoque
487 2047 527 2105 uti
539 2043 710 2122 concedam,
725 2061 806 2125 quam
817 2041 898 2105 lubet
911 2051 974 2106 esto

149 2132 234 2190 unica
244 2147 293 2190 res
306 2127 444 2209 quaedam
457 2131 552 2189 nativo
565 2147 689 2209 corporo
701 2128 781 2207 sola,

152 2216 199 2276 oui
211 2212 309 2274 similis
321 2221 383 2275 toto
396 2222 533 2274 terrarum
544 2215 767 2276 nonasterii:

150 2298 257 2358 infinita
268 2307 360 2359 tamen
373 2299 427 2358 nisi
439 2299 493 2358 erit
504 2299 548 2359 vis
559 2299 701 2375 materiai,

86 2392 138 2446 545
150 2382 226 2442 unde
238 2399 272 2441 ea
284 2383 417 2461 progigni
429 2384 521 2461 possit
533 2390 692 2461 eouoepta,
706 2381 796 2441 creari

150 2483 207 2527 non
218 2468 341 2545 poterit,
353 2484 465 2546 neque,
479 2463 556 2545 quod
569 2472 718 2544 superest,
735 2478 927 2543 procrescere
936 2459 1033 2543 alque

152 2550 259 2630 quippe
272 2551 377 2611 atenim
389 2552 413 2610 si
424 2548 591 2611 manticuler
601 2549 677 2610 linita
688 2566 741 2628 por
752 2564 835 2609 omne

153 2650 276 2712 corpora
286 2635 384 2694 iaetari
395 2637 477 2694 unius
489 2632 622 2712 genitalia
632 2634 692 2712 rei,

150 2715 226 2777 unde
237 2717 285 2778 ubi
297 2734 351 2795 qua
360 2718 389 2777 vi
401 2727 431 2778 et
446 2735 502 2797 qno
515 2728 599 2799 pacto
612 2735 770 2796 congressa
781 2716 897 2778 ooibunt

89 2810 140 2864 650
150 2802 284 2862 materiae
295 2810 372 2862 tanto
384 2803 413 2860 in
424 2801 529 2880 pelago
543 2803 682 2883 turbaque
693 2797 805 2863 aliena?
950 2796 954 2804 ’

150 2902 224 2964 non,
237 2894 268 2946 ut
279 2887 398 2964 opinor,
412 2884 518 2946 habent
528 2888 666 2948 rationem
678 2884 862 2948 conciliandi:

152 2968 205 3031 sad
216 2969 297 3048 quasi
307 2967 459 3047 naufragiis
474 2972 582 3049 magnis
593 2970 746 3051 multisque
759 2970 866 3031 coortis

152 3052 306 3115 disiectare
318 3051 394 3114 solet
405 3071 535 3134 magnum
545 3072 621 3114 mare
632 3063 770 3133 transtra,
784 3053 928 3134 guberna,

152 3146 312 3215 antemnas,
324 3154 453 3217 proram,
466 3137 575 3216 malos,
591 3147 746 3219 tonsasque
757 3137 894 3217 natantia,

92 3229 141 3283 555
153 3239 206 3300 per
217 3227 355 3281 terraruun
367 3223 456 3282 omnis
469 3239 533 3284 oras
547 3221 682 3284 fluitantia
691 3220 817 3303 aplustra

152 3314 181 3366 ut
191 3303 341 3366 videantur
352 3313 381 3366 at
392 3305 524 3367 indicium
534 3305 699 3368 mortalibus
711 3307 812 3385 edant,

152 3387 227 3448 inlidi
239 3389 322 3450 maris
334 3390 448 3451 insidias
459 3392 585 3469 virisque
596 3389 748 3469 dolumque

153 3481 184 3532 ut
194 3473 283 3533 vitare
295 3470 399 3554 velint,
411 3492 485 3536 neve
497 3474 557 3535 ullo
568 3483 699 3555 tempore
712 3472 845 3554 credant,
