2288 3886
523 191 563 251 v1

52 372 113 428 245
127 361 295 441 expediam,
308 378 403 438 neque
415 367 443 420 te
454 361 483 420 in
493 362 641 439 promissis
653 360 734 439 plura
748 363 888 422 morabor.

169 444 296 506 Fulmina
307 445 420 522 gignier
434 462 451 503 e
464 446 567 504 crassis
580 444 695 523 alteque
706 445 886 523 putandumst

126 529 250 589 nubibus
265 528 419 588 extructis:
430 545 493 586 nam
505 527 586 587 caelo
599 527 675 587 nulla
687 546 791 588 sereno

126 611 298 673 nec'leviter
308 610 405 670 densis
416 613 559 670 mittuntur
571 612 691 671 nubibus
703 630 840 690 umquam.

128 714 191 757 nam
200 695 286 756 dubio
298 693 399 772 procul
410 693 467 754 hoc
479 694 539 753 fieri
550 694 696 754 manifesta
708 694 794 756 docet
804 713 869 764 res;

55 791 115 845 250
127 779 203 859 quod
214 789 273 839 tum
283 796 337 857 per
348 785 438 837 totum
451 787 639 838 concrescunt
649 784 716 838 atra
727 779 835 855 nubes,

129 862 253 941 undique
264 863 304 921 nti
313 862 448 922 tenebms
461 863 550 921 omnis
562 861 726 921 Achemnta
735 879 848 921 reamur

128 947 248 1026 liquisse
262 954 291 1005 et
301 963 417 1022 magnas
430 943 503 1005 caeli
518 944 682 1024 complesse
696 963 840 1005 cavernas.

91 1045 94 1049 ’
129 1048 221 1108 usque
233 1028 305 1088 adeo
317 1037 390 1088 tetra
400 1026 558 1087 nimborum
568 1038 655 1088 nocte
667 1036 765 1088 coorta

129 1112 284 1193 inpendent
295 1121 372 1172 atrae
388 1110 543 1172 formidinis
556 1129 604 1171 ora
615 1130 753 1190 superne,

59 1208 116 1263 255
133 1216 196 1259 cum
210 1195 364 1256 commoliri
375 1204 530 1273 tempestas
543 1193 657 1255 fulmina
672 1203 794 1273 coeptat.

129 1290 279 1361 praeterea
294 1297 436 1358 persaepe
448 1281 529 1356 niger
540 1295 654 1357 quoque
665 1297 719 1357 per
729 1295 804 1337 mare
816 1277 944 1355 nimbus,

130 1374 161 1425 ut
174 1365 247 1443 picis
259 1381 275 1422 e
289 1360 370 1422 caelo
383 1361 537 1422 demissum
548 1361 668 1439 dumen,
682 1363 710 1421 in
721 1361 809 1421 undas

131 1451 174 1511 sic
187 1447 260 1507 cadit
271 1445 388 1505 effertus
400 1445 527 1506 tenebris
538 1444 639 1524 procul
651 1455 680 1505 et
692 1444 774 1505 trabit
785 1453 871 1505 atram

14 1589 17 1596 .
131 1528 293 1592 fulminibus
305 1528 448 1606 gravidam
457 1537 656 1609 tempestatem
672 1539 756 1608 atque
769 1527 923 1608 procellis,

62 1626 120 1682 260
133 1615 247 1694 ignibus
256 1631 290 1673 ac
301 1615 395 1673 ventis
408 1631 471 1672 cum
483 1615 579 1693 primis
590 1615 654 1692 ipse
666 1612 812 1692 repletus,

130 1702 159 1759 in
170 1707 247 1758 terra
258 1713 371 1775 quoqne
383 1705 413 1754 ut
428 1696 594 1757 horrescant
605 1715 639 1756 ac
652 1705 729 1757 tecta
742 1696 894 1774 requirant.

131 1784 175 1844 sic
186 1783 272 1859 igitur
282 1798 386 1858 supera
396 1788 523 1839 nostrum
538 1789 622 1857 caput
633 1798 698 1839 esse
709 1778 889 1857 putandumst

130 1873 331 1944 tempestatem
342 1863 433 1923 altam.
450 1880 545 1941 neque
557 1864 631 1922 enim
643 1861 764 1939 caligine
775 1869 850 1921 tanta

131 1950 285 2010 obmerent
297 1953 402 2024 terras,
416 1948 470 2007 nisi
480 1946 655 2006 inaedificata
670 1962 794 2022 superne

64 2043 119 2099 265
130 2032 216 2093 multa
225 2030 318 2091 forent
328 2029 422 2091 multis
434 2039 568 2108 exempto
579 2027 762 2111 nubilaqsole:

130 2135 186 2178 nec
197 2125 274 2176 tanto
287 2124 406 2193 possent
416 2116 566 2175 venientes
578 2116 741 2194 opprimere
753 2112 851 2187 imbri,

132 2200 243 2261 flumina
253 2198 394 2258 abundare
405 2206 435 2258 ut
447 2195 576 2258 facerent
587 2214 761 2276 camposque
775 2204 888 2273 natare,

131 2286 156 2345 si
167 2300 223 2343 non
234 2284 370 2343 extructis
383 2281 458 2341 foret
469 2280 526 2357 alte
537 2281 658 2340 nubibus
670 2279 778 2340 aether.

129 2368 176 2427 hic
188 2367 274 2444 igitur
284 2367 377 2425 ventis
390 2374 475 2444 atque
487 2365 600 2443 ignibus
612 2365 703 2424 omnia
713 2361 798 2442 plena

61 2459 116 2516 ato
131 2460 211 2513 sunt:
222 2449 288 2510 ideo
299 2449 404 2528 passim
414 2448 542 2509 fremitus
554 2458 583 2508 et
594 2446 706 2524 fulgum
717 2446 793 2505 liunt,

132 2536 238 2613 quippe
250 2534 355 2593 etenim
367 2550 452 2611 supra
463 2532 547 2593 docui
561 2529 701 2611 permulta
709 2530 824 2608 vaporis

131 2620 241 2679 semina
254 2615 361 2675 babere
378 2633 461 2676 caras
478 2617 587 2693 nubes,
600 2624 629 2675 et
640 2614 725 2675 multa
740 2620 892 2673 necessest

132 2702 286 2779 concipere
298 2718 336 2759 ex
347 2698 417 2759 solis
428 2698 513 2759 radiis
524 2699 682 2778 ardoreque
693 2715 799 2759 eorum.

131 2784 189 2844 hoc
200 2783 247 2842 ubi
259 2792 360 2843 ventus
372 2800 421 2842 eas
433 2783 508 2843 idem
520 2787 567 2862 qui
580 2786 696 2861 cogitio
708 2799 792 2842 unum

64 2876 119 2933 275
131 2867 206 2928 forte
219 2866 315 2926 locum
326 2868 471 2945 quemvis,
484 2870 627 2947 expressit
639 2867 724 2926 multa
735 2865 849 2943 vaporis

132 2952 239 3013 semina
250 2968 341 3028 seque
353 2948 435 3010 simul
448 2968 511 3009 cum
524 2968 560 3009 eo
573 2951 749 3009 commiscuit
760 2949 834 3024 igni,

132 3036 286 3095 insinuatus
298 3035 336 3093 ibi
347 3043 451 3093 vortex
463 3043 593 3094 versatur
603 3036 631 3093 in
647 3041 707 3091 arto

133 3127 165 3180 et
177 3117 275 3178 calidis
287 3118 361 3177 acuit
376 3115 482 3177 fulmen
496 3116 658 3177 fornacibus
670 3117 759 3175 intus:

132 3218 196 3262 naara
207 3200 314 3281 duplici
324 3201 434 3260 ratione
449 3201 630 3276 accenditur,
645 3200 708 3276 ipse
721 3216 771 3258 sua
783 3213 847 3257 cum

66 3298 122 3352 280
133 3284 289 3345 mobilitate
303 3282 438 3361 calescit,
451 3292 480 3343 et
491 3303 509 3344 e
522 3283 689 3361 contagibus
701 3282 784 3363 ignis.

132 3368 199 3430 inde
211 3369 259 3428 ubi
271 3365 410 3446 percaluit
421 3369 499 3427 venti
512 3367 555 3426 vis
568 3377 597 3427 et
608 3366 702 3444 gravis
713 3365 787 3442 ignis

132 3454 256 3533 impetus
270 3450 404 3527 incessit,
417 3459 552 3509 maturum
562 3459 621 3511 tum
633 3449 712 3528 quasi
722 3446 830 3508 fulmen
