2288 3886
485 220 697 276 PRAEFATIO.
1060 237 1086 274 xr

82 393 169 447 velim
180 406 233 463 par
245 389 436 444 difficillimum
447 404 595 456 versuum,
618 388 693 459 quod
704 388 770 459 quia
781 391 867 446 variis
879 390 960 444 simul
972 405 1087 461 corrup·

83 477 202 531 telarum
224 473 377 546 generibus
397 472 608 544 pessumdatum
637 478 694 541 est,
719 489 775 527 non
803 489 893 544 aeque
916 481 998 545 atque
1022 474 1086 529 alibi

82 574 202 631 sperare
213 574 331 629 possum
342 559 401 612 lore
414 562 443 610 ut
454 557 499 613 vel
511 572 556 610 me
567 561 675 610 tacente
687 557 756 612 ratio
769 558 939 612 emendandi
950 564 1085 629 patescat.

83 640 250 701 Scribuntur
261 642 305 697 isti
315 657 433 709 versus,
445 640 492 711 qui
503 645 566 694 sunt
576 643 661 709 4243
671 641 732 696 libri
743 641 876 709 secundi,
888 642 978 697 rubris
990 642 1086 697 litteris

83 726 241 783 uncialibus
257 725 285 780 in
299 724 425 796 Oblongo
438 724 551 792 codice,
574 723 674 778 desunt
692 724 719 779 in
733 723 873 792 Quadrato
892 726 979 780 tribus
997 726 1087 781 versi·

84 812 155 867 culis
166 810 341 877 vacantibus,
352 814 382 863 ut
395 811 453 863 lere
467 824 579 879 semper
590 810 634 875 (v.
646 808 720 862 Mus.
731 807 821 864 Rhen·
832 826 861 880 p.
873 812 938 878 543)
949 809 979 863 fit
993 810 1020 863 in
1032 809 1087 865 hoc

84 893 184 949 codice
195 893 354 964 ubicunque
365 893 394 946 in
405 891 531 963 Oblongo
546 893 647 946 rubrae
658 892 764 947 litterae
775 894 960 964 reperiuntur.
988 895 1018 948 ln
1031 892 1085 949 Ob-

83 979 170 1049 longo
181 977 266 1049 igitur
278 982 386 1032 exstant
394 975 479 1031 haec:

127 1072 300 1131 SUBSIDIIS
315 1071 451 1129 MAGNIS
462 1068 602 1129 EPICURI
617 1071 898 1130 CONSTABILITAS

127 1156 297 1215 ORNATAS
316 1155 429 1212 ARMIS
452 1155 872 1225 ITASTATUASTARITERQ:
893 1157 1082 1214 ANIMATAS

84 1260 196 1331 punctis
214 1260 266 1314 sub
277 1258 327 1314 AT
346 1258 465 1329 aprima
483 1273 567 1310 manu
585 1257 673 1311 lactis.
707 1256 764 1311 Hos
784 1273 884 1311 versus
902 1273 965 1311 cum
975 1257 1086 1327 priores

84 1342 209 1398 editores
220 1344 279 1398 lere
289 1358 388 1397 omnes
401 1341 436 1397 de
447 1341 642 1397 emendatione
654 1338 837 1412 desperantes
845 1341 985 1408 eiecerint,
996 1340 1086 1396 Lach-

84 1442 204 1481 mannus
219 1427 247 1481 in
258 1428 409 1483 verborum
423 1425 549 1480 ordinem
561 1424 672 1479 admisit
683 1425 723 1479 sic
735 1425 848 1495 quidem
860 1425 991 1496 scriptos:

205 1521 240 1572 40
258 1523 280 1569 si
291 1536 341 1570 uon
350 1521 415 1570 forte
426 1530 482 1569 tuas
494 1521 608 1585 legiones
618 1535 664 1584 per
672 1519 729 1569 loca
739 1522 823 1585 campi

257 1590 355 1640 fervere
365 1605 422 1639 cum
431 1590 519 1640 videas
530 1626 537 1649 ,
548 1589 609 1639 belli
618 1588 756 1638 simulacra
766 1590 870 1645 cientis,

256 1658 379 1708 subsidiis
388 1659 537 1724 magnisque
549 1658 689 1721 clephontis
699 1658 884 1718 constabilitas,

258 1736 360 1777 ornatas
370 1729 462 1788 armis,
473 1728 587 1792 ualidas,
599 1728 742 1792 pariterque
752 1728 875 1777 animatas

84 1813 281 1870 Lachmannus
300 1812 366 1868 inde
381 1813 566 1885 proficiscitur
585 1814 660 1884 quod
677 1814 819 1868 Lucretius
829 1813 865 1883 V,
876 1819 944 1871 1225
962 1813 1085 1883 scripsit:

82 1898 313 1970 Induperatorem
324 1898 420 1953 classis
430 1912 516 1969 super
524 1912 643 1968 aequora
659 1899 745 1952 verrit
756 1896 821 1952 Cum
830 1897 967 1952 validis
976 1900 1086 1968 pariter

83 1981 231 2055 leqiom'bus
248 1986 329 2053 oque
350 1981 505 2052 elephan
516 1982 570 2035 tis.
603 1981 683 2037 Unde
699 1996 837 2051 apparere
851 1981 920 2036 dixit
937 1980 1020 2035 etiam
1030 1979 1085 2035 hoc

84 2067 146 2121 loco
157 2082 209 2137 pro
216 2064 357 2122 EPICURl
369 2067 547 2121 scribendum
556 2082 620 2121 esse
627 2065 786 2138 elephantis,
797 2082 849 2137 pro
858 2062 1084 2136 lTASTATUAS

85 2148 303 2205 autemootidcs.
346 2148 421 2206 Sane
441 2149 513 2205 haec
527 2150 695 2206 emendandi
707 2150 777 2205 ratio
794 2151 858 2205 licet
876 2151 914 2205 nil
924 2149 1026 2206 habeat
1037 2165 1086 2203 cur

86 2240 207 2304 nequeat
217 2233 295 2302 terri,
310 2240 404 2289 tamen
416 2250 508 2305 neque
526 2251 542 2288 a
555 2236 692 2290 sententia
712 2250 804 2305 neque
817 2251 833 2289 a
844 2235 971 2289 ductibus
982 2234 1085 2289 littere-

86 2334 146 2372 rum
167 2317 205 2372 ita
223 2324 384 2388 comparata
403 2325 446 2373 est
464 2325 491 2372 ut
507 2335 750 2390 supervacaneum
773 2320 808 2372 sit
825 2319 973 2388 anquirere
991 2317 1084 2371 aliam.

86 2400 167 2469 Quod
184 2400 226 2455 sic
244 2401 410 2457 instituimus
430 2408 459 2456 ut
478 2402 598 2474 primum
621 2402 734 2473 quidem
755 2401 783 2455 in
793 2400 933 2456 EPlCURl
943 2401 1083 2472 glossema

85 2500 305 2557 agnosceremus
323 2487 357 2540 ab
370 2486 445 2541 initio
462 2487 499 2541 ad
516 2486 641 2543 subsidias
657 2505 685 2542 v.
697 2488 731 2542 42
748 2485 915 2556 ascriptum3
934 2478 1085 2559 ἔπικουροι

87 2570 158 2623 enim
172 2567 286 2624 Graecis
299 2570 390 2625 eidem
404 2577 467 2625 suut
478 2572 525 2642 qui
538 2571 640 2626 Latinis
655 2570 754 2642 copiae
767 2570 925 2625 auxiliares.
964 2567 996 2623 ld
1008 2568 1085 2639 glos-

85 2669 164 2708 sema
179 2652 216 2707 ad
231 2652 363 2726 Gargettii
373 2654 534 2725 philosophi
552 2671 655 2710 nomen
674 2654 834 2710 trahebatur
853 2655 888 2709 ab
907 2652 1041 2723 imperitis
1053 2653 1084 2707 li·

84 2736 184 2790 brariis
199 2752 289 2807 eoque
306 2738 412 2793 lacilius
434 2739 639 2794 immiscebatur
656 2740 753 2795 versui
763 2742 807 2796 42.
847 2740 878 2793 ln
894 2737 970 2792 hunc
992 2745 1084 2793 autem

85 2836 200 2875 versum
212 2836 275 2874 cum
286 2821 476 2890 insereretur,
496 2824 590 2877 eloco
613 2840 681 2891 suo,
704 2823 749 2892 qui
772 2830 831 2877 erat
849 2825 1012 2891 versusll,
1035 2821 1084 2876 de-

85 2904 163 2958 trusit
181 2904 209 2958 in
228 2905 348 2959 eandem
365 2905 477 2960 alterius
495 2909 530 2962 ta
547 2907 679 2962 versiculi
696 2907 840 2977 regionem
864 2906 891 2961 id
907 2907 1084 2975 vocabulum,

85 2988 163 3042 culus
183 3003 258 3043 nunc
280 2988 335 3044 hae
354 2995 505 3060 supersunt
528 2990 681 3045 mendosae
704 2991 824 3046 litterae:
847 2986 1085 3060 lTASTAl'UAS.

10 3100 22 3140 t
86 3069 190 3139 Quibus
205 3072 379 3145 corrigendis
390 3073 420 3127 id
432 3072 622 3130 adhibendum
635 3081 677 3129 est
694 3073 770 3144 quod
787 3075 815 3129 in
827 3074 970 3130 codicibus
981 3074 1083 3129 Lucre-

10 3156 18 3234 t'
85 3154 165 3210 lionis
183 3155 245 3211 fieri
263 3157 414 3215 observavi
426 3163 455 3212 ut
472 3157 579 3214 litterae
596 3158 621 3212 H
639 3165 666 3212 et
681 3158 715 3212 IT
737 3159 808 3214 inter
830 3175 861 3213 se
881 3163 1083 3229 permutentur.

85 3234 131 3295 Sic
141 3240 189 3308 IV,
208 3244 261 3298 820
277 3258 330 3313 pro
346 3258 380 3297 eo
399 3240 475 3311 quod
491 3260 555 3298 csse
575 3241 658 3297 debet
673 3249 700 3296 et
718 3243 746 3297 in
758 3242 884 3314 Oblongo
905 3244 987 3298 eliam
1001 3243 1084 3296 estin

10 3320 18 3394 ξ
84 3320 126 3377 hab
143 3324 272 3380 scribitur
293 3327 322 3380 in
339 3324 479 3393 Quadrato
497 3326 585 3388 initr's3
606 3342 697 3399 neque
716 3326 827 3382 aliunde
846 3328 866 3395 l,
882 3329 931 3384 mr
948 3328 975 3380 in
992 3328 1084 3380 locum

22 3473 26 3480 Ι
84 3406 218 3479 simplicis
238 3407 339 3466 Italiae
358 3411 488 3480 pervenit
506 3410 639 3478 Hostiae,
670 3410 746 3480 quod
761 3398 888 3481 ‘putidae
912 3409 1083 3466 crudibonis'

10 3503 27 3576 p
85 3492 181 3563 specie
201 3493 306 3548 tamdiu
330 3493 452 3550 editores
478 3495 589 3561 lelellit;
619 3493 740 3563 denique
762 3494 817 3550 huc
843 3494 915 3551 redit
938 3495 1084 3566 praeclara

23 3615 34 3644 a,
