2288 3886
113 191 171 256 188
587 186 628 248 Vl

196 369 225 420 ct
240 356 321 420 simul
334 357 480 436 exspirare
494 356 568 416 ioras
582 356 717 432 exireque
729 354 756 413 in
768 370 870 429 auras,

197 460 252 502 non
263 443 301 501 ita
313 440 399 500 multa
410 448 519 513 tamen,
533 438 641 499 calidus
653 445 737 515 queat
748 446 778 496 ut
790 436 851 496 lieri
863 435 945 515 lons,

197 535 351 603 propterea
362 524 491 601 dispersa
502 521 578 582 foras
590 538 741 598 erumpere
754 522 832 596 cogit

197 611 240 669 vis
252 626 304 687 per
315 625 414 686 aquam
426 607 520 666 subito
533 622 700 682 sursumque
712 621 746 663 ea
760 602 913 664 conciliari.

134 701 186 756 890
198 691 274 770 quod
287 708 378 767 genus
390 690 463 749 endo
476 691 570 749 marist
580 688 666 746 Aradi
678 687 759 764 fons,
771 686 863 746 dulcis
874 690 956 765 aquai

198 777 244 854 qui
257 775 340 834 333111
352 783 381 834 31
393 773 482 834 331333
495 774 601 832 circum
613 791 645 831 se
660 770 784 830 dimovet
794 770 897 829 undas:

197 868 226 919 et
236 857 329 917 multis
340 857 402 918 aliis
413 856 532 935 praebet
542 856 707 932 regionibus
718 871 826 933 aequor

198 941 343 1001 utilitatem
356 949 540 1020 opportunam
552 938 703 998 sitientibu’
716 940 823 1014 nautis,

198 1024 274 1104 quod
287 1025 378 1084 dulcis
390 1027 462 1083 inter
474 1022 564 1083 331333
578 1023 738 1082 intervomit
749 1020 847 1083 undas.

134 1119 185 1173 895
200 1111 243 1169 sic
254 1111 339 1186 igitur
350 1126 402 1187 per
413 1126 477 1167 eum
491 1115 611 1185 possunt
622 1123 771 1183 erumpere
784 1104 892 1165 fontem

198 1202 227 1253 et
240 1203 351 1253 scatere
363 1191 411 1251 illa
424 1190 500 1250 l'oras
511 1192 538 1249 13
550 1200 680 1268 stuppam
691 1190 812 1256 semina;
826 1206 882 1267 quo
895 1208 958 1248 cum

199 1278 369 1337 conveniunt
380 1283 426 1335 aut
437 1276 465 1333 in
477 1273 567 1333 taedai
581 1290 704 1350 corpore
715 1271 884 1349 adhaerent,

198 1361 349 1420 ardescunt
360 1357 445 1418 lacile
457 1356 619 1433 extemplo,
633 1358 698 1434 quia
708 1355 794 1415 multa
806 1373 919 1435 quoque
931 1359 958 1415 in
970 1376 1004 1417 33

199 1445 305 1502 semina
319 1443 422 1502 habent
434 1443 506 1518 ignis
518 1450 639 1518 stuppae
651 1440 807 1517 taedaeque
819 1438 942 1500 latentis.

136 1538 187 1589 ί101)
199 1543 291 1585 33333
302 1525 383 1586 vides
396 1527 495 1599 etiam,
507 1533 644 1583 nocturna
655 1523 689 1583 ad
701 1523 804 1582 lumina
813 1522 901 1583 linum

198 1627 289 1687 nuper
300 1609 347 1668 ubi
359 1610 512 1668 extinctum
524 1606 691 1683 admoveas,
703 1605 856 1666 accendier
864 1618 930 1668 ante

199 1711 280 1770 quam
293 1694 385 1770 tetigit
397 1692 547 1766 flammam,
560 1690 728 1768 taedamque
740 1692 800 1769 pari
810 1689 938 1751 ratione?

198 1775 340 1855 multaque
353 1785 501 1854 praeterea
513 1777 590 1852 prius
602 1777 665 1853 ipso
680 1783 754 1834 tacta
765 1791 873 1853 vapore

199 1863 306 1920 eminus
318 1860 470 1920 ardescunt
482 1877 563 1936 quam
574 1860 728 1918 comminus
741 1853 845 1917 imbuat
855 1859 937 1935 ignis.

137 1953 187 2006 905
202 1944 257 2003 hoc
269 1946 353 2020 igitur
365 1945 424 2003 11331
438 1960 552 2021 quoque
563 1945 589 2001 13
602 1941 652 2001 1113
664 1941 742 2001 13313
756 1941 944 2020 putandumst.

242 2026 324 2099 Quod
336 2037 485 2106 superest,
499 2043 585 2102 agere
597 2027 728 2102 incipiam
741 2043 797 2104 quo
808 2024 928 2086 loedere
940 2025 987 2087 [iat

198 2120 311 2170 naturae
322 2156 330 2187 ,
343 2111 416 2188 lapIs
427 2110 473 2170 hic
485 2118 514 2169 ut
523 2109 627 2168 ferrum
640 2109 745 2169 ducere
757 2112 865 2188 possit,

199 2211 282 2271 quem
295 2192 425 2271 Magneta
436 2200 540 2253 vocant
550 2195 639 2271 patrio
652 2192 687 2252 de
700 2195 812 2254 nomine
824 2192 905 2270 Grai,

199 2277 360 2354 Magnetum
372 2279 435 2357 quia
448 2278 476 2337 lit
488 2279 584 2356 patriis
595 2279 622 2336 13
634 2277 735 2337 linibus
747 2285 818 2336 ortu.

136 2369 187 2422 910
200 2361 273 2420 bunc
285 2363 411 2422 homiues
422 2361 543 2440 lapidem
555 2363 699 2421 mirantur:
713 2363 819 2440 quippe
831 2369 958 2421 catenam

199 2465 287 2525 saepe
300 2465 337 2506 ex
348 2445 448 2506 anellis
460 2445 551 2505 reddit
564 2444 752 2524 pendentibus
765 2464 803 2505 ex
813 2464 855 2505 se.

199 2533 323 2608 quinque
335 2532 438 2590 etenim
450 2529 519 2589 licet
530 2528 668 2589 interdum
678 2528 833 2607 pluresque
845 2526 943 2587 videre

201 2612 298 2673 ordine
311 2613 449 2674 demissos
462 2612 574 2673 levibus
585 2615 715 2673 iactarier
726 2614 819 2690 auris,

200 2716 270 2756 rmus
283 2698 330 2757 ubi
341 2716 378 2756 ex
389 2714 444 2755 uno
459 2696 601 2774 dependet
613 2705 712 2775 supter
722 2696 896 2772 adhaerens,

137 2786 187 2840 915
199 2799 237 2838 ex
247 2779 359 2857 alioque
374 2779 443 2840 alius
455 2779 554 2858 lapidis
566 2782 620 2839 vim
632 2779 782 2859 vinclaque
794 2780 900 2840 noscit:

200 2882 290 2942 nsque
302 2863 374 2923 adeo
384 2873 578 2942 permananter
593 2867 636 2925 vis
649 2864 777 2942 pervolat
791 2865 862 2923 eius.

242 2947 303 3008 Hoc
316 2966 406 3024 genus
418 2950 445 3006 13
457 2948 542 3007 rebus
556 2948 743 3008 firmandumst
754 2945 839 3006 multa
850 2948 928 3026 prius
943 2962 1025 3023 qnam

200 3031 288 3108 ipsius
298 3034 340 3091 rei
352 3034 488 3092 rationem
498 3031 618 3093 reddere
630 3032 740 3111 possis,

203 3122 232 3172 et
243 3116 356 3173 nimium
366 3113 461 3193 longis
473 3116 637 3193 ambagibus
649 3125 694 3177 cst
708 3114 880 3182 adeundum

137 3203 189 3257 920
203 3215 259 3274 quo
271 3200 360 3275 magis
371 3208 490 3259 attentas
503 3202 577 3261 auris
587 3201 763 3276 animumque
774 3213 908 3277 reposco.

243 3280 384 3359 Principio
398 3283 526 3342 omuibus
541 3285 575 3342 ab
588 3284 694 3359 rebus,
714 3299 908 3359 quascumque
919 3280 1069 3359 videmus,

203 3373 344 3442 perpetuo
357 3364 445 3425 [luere
457 3384 491 3426 ac
502 3367 571 3426 mitti
584 3368 735 3445 spargique
747 3373 899 3427 necessest

202 3463 323 3524 corpora
335 3466 406 3525 quae
419 3449 518 3507 feriant
531 3449 631 3510 oculos
644 3451 790 3528 visumque
803 3448 960 3509 lacessant:
