2288 3886
117 156 158 222 88
602 151 629 215 11

202 323 375 387 declinamus
386 321 454 382 item
465 329 558 382 motus
569 339 625 382 uec
639 331 770 402 tempore
782 331 864 384 certo

137 418 191 475 200
204 427 259 470 nec
270 408 389 487 regione
402 405 460 466 loci
472 415 568 484 certa,
586 406 639 467 sed
653 405 702 467 ubi
713 407 776 486 ipsa
789 406 852 468 tulit
863 405 968 470 mensi

202 512 264 553 nam
275 492 361 554 dubio
376 488 478 571 procul
489 490 534 553 bis
547 490 634 554 rebus
645 508 697 552 sua
709 491 812 571 cuique
825 489 957 555 voluutas

202 577 372 658 principium
385 574 448 653 dat,
464 583 492 635 et
503 574 570 635 hinc
581 584 674 636 motus
687 592 741 655 per
752 577 877 636 membra
887 578 1024 656 rigantur.

203 679 298 725 nonne
309 659 391 721 rides
407 661 490 720 ctiam
501 657 652 738 patefactis
664 668 795 738 tempore
809 672 917 740 puncto

205 745 368 807 carceribus
380 761 437 804 non
448 762 537 823 posse
550 751 643 804 tamen
657 761 844 824 prorumpere
857 763 995 826 equorum

137 840 189 897 265
203 831 258 890 vim
272 828 400 908 cupidam
414 838 471 889 tarn
482 827 518 888 dc
529 827 624 888 subito
640 846 722 908 quam
734 846 814 890 mons
829 840 894 892 avet
904 827 989 911 ipsa?

203 915 293 976 omnis
305 914 396 991 enim,
412 912 502 974 totum
514 929 567 991 per
580 928 704 992 corpus,
719 915 844 975 materiai

204 1000 288 1078 copia
300 997 407 1058 conciri
420 996 523 1080 debet,
537 997 649 1058 concita
663 1015 717 1076 per
729 1007 805 1058 artus

203 1084 293 1145 omnis
305 1091 336 1142 ut
347 1081 470 1143 studium
480 1081 582 1142 mentis
597 1083 697 1142 conixa
707 1091 855 1162 sequutum

202 1177 232 1229 ut
243 1167 341 1229 rideas
352 1168 450 1227 initum
460 1173 553 1227 motus
563 1182 580 1225 a
592 1165 679 1227 corde
692 1168 800 1244 creari,

137 1260 190 1318 270
205 1253 391 1331 exanimique
403 1248 548 1311 voluntate
561 1248 590 1308 id
600 1249 761 1329 procedere
774 1252 910 1330 primum,

202 1336 269 1397 inde
281 1336 340 1396 dari
351 1350 439 1415 porro
452 1351 507 1414 pcr
517 1342 607 1395 totum
619 1351 725 1414 corpus
737 1344 766 1396 et
777 1344 863 1397 artus.

202 1439 259 1482 000
275 1418 396 1480 similest
410 1427 439 1477 ut
452 1435 516 1477 cum
526 1416 640 1497 impulsi
654 1418 836 1499 procedimus
847 1420 924 1498 ictu,

202 1505 310 1564 viribus
324 1502 440 1563 alterius
452 1503 559 1580 magnis
570 1520 730 1583 magnoque
743 1514 859 1565 coactu·

202 1605 267 1649 nam
277 1597 337 1648 turn
347 1588 493 1647 materiem
504 1588 591 1647 totius
605 1589 734 1667 corporis
747 1605 857 1649 omnem

137 1681 189 1739 275
203 1673 415 1754 perspicuumst
426 1672 510 1732 nobis
522 1672 615 1732 invitis
627 1673 670 1732 ire
684 1673 820 1752 rapique,

204 1757 298 1819 donec
310 1775 372 1818 cam
382 1754 536 1817 refrenavit
546 1773 599 1835 per
609 1756 733 1818 membra
744 1755 883 1818 voluntas.

202 1844 294 1903 iamne
307 1840 388 1902 vides
400 1841 504 1920 igitur,
517 1858 682 1921 quamquam
695 1843 739 1901 vis
751 1848 849 1901 extera
859 1839 963 1903 multos

202 1926 292 2007 pellat
306 1934 336 1987 et
346 1925 449 1986 inritos
465 1934 550 2003 cogat
560 1925 721 2005 procedere
733 1943 822 2004 saepe

202 2010 434 2091 praecipitesque
445 2010 523 2087 rapi,
535 2018 628 2070 tamen
641 2011 747 2069 esseio
759 2018 879 2088 pectore
890 2018 989 2070 nostro

137 2104 191 2159 280
204 2093 335 2175 quiddam
348 2092 424 2172 quod
439 2101 537 2152 contra
549 2110 676 2171 pugnare
691 2093 864 2173 obstareque
876 2089 989 2173 possit?

204 2178 284 2240 cuius
296 2176 331 2238 ad
341 2176 484 2237 arbitrium
496 2192 610 2256 quoque
622 2178 705 2256 copia
715 2180 841 2239 materiai

203 2264 316 2340 cogitur
327 2260 466 2331 interdum
479 2260 556 2321 flecti
568 2280 621 2340 per
633 2261 759 2322 membra
772 2272 935 2342 perarma,

204 2355 233 2408 et
244 2347 374 2426 proiecta
384 2344 544 2406 refrenatur
554 2355 690 2426 retroque
701 2345 810 2407 residit.

204 2447 291 2513 quare
305 2433 334 2491 in
348 2431 502 2492 seminibus
518 2449 633 2510 quoque
647 2430 722 2492 idam
737 2429 844 2491 fateare
855 2441 1025 2510 necessest,

138 2524 190 2580 285
205 2535 272 2579 esse
286 2513 368 2576 aliam
381 2524 496 2594 praeter
506 2514 605 2594 plagas
619 2524 648 2574 et
659 2513 785 2594 pondera
797 2533 910 2577 causam

202 2599 342 2677 motibus,
354 2598 429 2659 unde
443 2597 516 2658 haec
527 2608 572 2658 est
583 2599 666 2659 uobis
678 2600 771 2659 innata
783 2608 928 2678 potestas;

201 2684 238 2745 de
248 2681 307 2742 nilo
319 2683 449 2762 quoniam
464 2682 525 2741 fieri
535 2681 574 2741 nii
586 2699 675 2762 posse
689 2681 826 2744 videmus.

202 2765 314 2847 pondus
327 2766 401 2826 enirn
415 2764 549 2844 prohibet
560 2784 597 2825 ue
608 2765 702 2846 plagis
713 2769 805 2828 omnia
816 2768 881 2829 fiant

202 2860 321 2912 externa
333 2851 413 2928 quasi
425 2852 468 2910 vi:
481 2849 534 2910 sed
545 2869 582 2911 ne
595 2869 676 2913 ruens
690 2854 754 2931 ipsa
765 2871 918 2914 necessum

104 2956 108 2962 ·
137 2944 190 3000 290
200 2935 364 2998 intestinum
378 2933 481 2994 habeat
494 2936 604 2996 cunctis
617 2937 645 2995 iu
656 2936 743 2997 rebus
754 2936 872 3015 agendis

201 3029 232 3083 et
244 3019 356 3080 devicta
372 3019 452 3099 quasi
463 3019 492 3080 id
505 3028 625 3099 cogatur
635 3020 712 3082 ferre
723 3023 856 3101 patique,

199 3105 229 3166 id
243 3104 312 3166 facit
323 3105 457 3182 exiguum
472 3104 610 3166 clinamen
621 3106 823 3185 principiorum

200 3208 257 3250 nec
269 3189 388 3266 regione
403 3187 461 3248 loci
473 3199 551 3251 certa
562 3208 617 3250 000
627 3198 757 3270 tempore
771 3200 861 3251 certo.

243 3270 306 3334 Nec
317 3273 421 3351 stipata
431 3274 521 3351 magis
532 3274 584 3335 fuit
597 3291 727 3353 umquam
738 3277 863 3336 materiai

137 3364 189 3421 295
205 3357 288 3436 copia
301 3373 356 3417 nec
367 3374 455 3436 porro
469 3359 621 3419 maioribus
631 3357 803 3420 intervallis:

200 3458 263 3503 nam
272 3458 368 3521 neque
379 3441 545 3519 adaugescit
558 3443 708 3522 quicquam
718 3461 814 3522 neque
826 3443 938 3523 deperit
950 3440 1027 3507 inde.
