2288 3886
552 196 565 257 l
1019 199 1061 262 29

57 376 125 431 1000
138 374 275 427 ettamen
287 361 431 442 utplegue
443 377 558 442 quoque
569 366 680 445 possint
691 377 848 445 suppetere
859 369 955 446 ipseo,

139 449 248 509 inlinita
259 464 334 527 opus
344 456 390 508 est
400 448 443 508 vis
456 447 579 525 undique
591 452 724 510 materiai.

184 531 260 592 lllud
271 533 299 591 in
310 531 355 592 lris
365 531 452 592 rebus
463 530 550 609 longe
561 532 632 610 luge
645 534 781 612 credere,
794 533 926 614 1100001,

140 619 171 677 10
181 616 305 677 medium
317 632 442 677 summae
456 616 533 695 quod
544 616 640 678 dicunt
654 619 746 678 omnio
754 621 804 679 niti
812 664 821 697 ,

139 711 228 780 atque
238 699 305 760 ideo
316 697 411 759 muudi
421 709 545 760 ueturem
556 711 632 762 stere
643 703 705 763 sine
719 701 785 763 ullis

55 797 124 851 1005
140 786 247 846 10111)υο
260 785 385 845 externis
400 802 495 863 neque
506 802 647 865 quoquam
659 802 747 864 posse
759 785 867 848 resolvi

143 888 253 930 summe
267 877 353 947 utque
364 869 436 945 100,
449 868 525 948 quod
536 870 564 928 10
576 868 698 929 medium
709 871 764 931 sint
776 873 867 932 omnia
877 873 956 940 nixe;

141 957 236 1032 ipsum
247 955 272 1013 01
283 952 434 1031 quicquam
444 969 533 1031 posse
546 955 574 1013 in
586 973 619 1014 00
630 956 733 1015 sistere
747 955 856 1033 credis,

143 1048 173 1098 et
185 1055 259 1117 quoe
271 1036 397 1116 pondera
409 1045 473 1097 suut
485 1038 633 1098 subternis
646 1038 737 1098 omnia
748 1056 858 1099 sursum

142 1124 228 1183 nitier
238 1123 266 1180 10
277 1129 411 1199 terraque
423 1129 500 1180 retro
514 1123 702 1199 requiescere
714 1131 805 1199 posta.

55 1217 127 1271 1000
142 1216 174 1266 ut
184 1223 239 1284 per
250 1221 337 1285 equas
350 1222 422 1284 quac
434 1223 508 1264 nunc
519 1223 613 1265 rerum
626 1204 775 1266 simulacre
786 1205 933 1285 videmus,

144 1289 264 1351 adsimili
275 1290 384 1349 ratione
396 1288 523 1348 00100110
534 1307 624 1369 suppa
636 1290 732 1367 regeri

146 1373 336 1450 contendunt,
348 1391 443 1450 neque
454 1390 542 1452 posse
556 1376 666 1435 sistris
678 1376 706 1433 in
718 1373 782 1435 1000
797 1373 869 1434 00011

143 1457 295 1519 reccidere
306 1456 439 1517 inferiore
451 1459 539 1535 magis
551 1477 633 1537 quern
646 1475 765 1537 corpore
776 1467 872 1519 nostra

145 1551 249 1622 sponte
261 1559 312 1604 000
322 1542 434 1621 possint
444 1542 472 1600 in
484 1541 556 1603 00011
567 1541 673 1621 templa
683 1541 780 1604 volere

55 1638 128 1692 1065
143 1626 186 1687 illi
199 1644 262 1687 cunr
272 1625 386 1687 videant
397 1624 505 1703 00100,
517 1645 570 1689 000
580 1625 675 1688 sidera
685 1629 778 1689 noctis

146 1729 285 1789 cernere,
298 1719 327 1770 et
340 1708 455 1770 alternis
467 1711 615 1772 nobiscum
628 1720 756 1791 tempore
769 1709 841 1772 00011

144 1796 272 1856 dividcre
284 1803 313 1855 et
323 1802 425 1854 noctes
438 1792 533 1872 parilis
545 1797 651 1872 agitare
664 1793 773 1856 diebus.

144 1879 198 1942 sed
208 1897 297 1940 venus
309 1876 420 1939 stolidis
430 1876 503 1938 1ιο00

144 1963 267 2044 amplexi
280 1961 356 2042 quod
366 1961 471 2022 hebent
482 1978 554 2041 perv

58 2058 131 2113 1070
144 2066 208 2108 narn
219 2046 341 2108 medium
352 2045 390 2105 nil
405 2065 472 2107 esse
485 2055 582 2126 potest

145 2133 259 2193 infinita.
272 2149 366 2211 neque
378 2131 507 2208 omnino,
519 2131 543 2191 si
555 2131 609 2190 iern
619 2130 818 2207 0000100010,

145 2218 238 2296 possit
249 2215 288 2274 ibi
301 2217 451 2294 quicquam
463 2217 621 2276 consistere

146 2319 230 2380 quom
241 2300 340 2379 quovis
351 2297 405 2358 0110
416 2297 503 2377 longe
518 2301 626 2359 ratione

146 2384 237 2445 omnis
249 2384 323 2443 euim
334 2383 417 2449 lucus
428 2400 463 2444 oc
474 2385 613 2462 spatium,
627 2380 703 2461 quod
715 2383 804 2442 10000
814 2401 976 2460 coeamus,

62 2477 130 2534 1075
145 2466 348 2548 permodico,
361 2485 416 2546 per
426 2485 482 2527 000
492 2467 629 2543 medium,
650 2463 812 2527 concedere
822 2467 912 2528 debet

145 2570 238 2633 aeque
249 2551 424 2631 ponderibus
435 2598 444 2630 ‚
456 2561 549 2613 motus
562 2568 617 2630 que
628 2567 748 2629 cumque
760 2548 896 2611 feruntur.

145 2656 202 2699 000
215 2638 363 2717 quisquam
373 2635 456 2698 locus
469 2646 530 2714 est,
544 2652 600 2715 quo
613 2651 734 2714 corporu
746 2653 810 2694 curn
822 2646 977 2715 venerunt,

146 2721 284 2804 ponderis
295 2722 398 2782 emissa
407 2721 435 2780 vi
446 2723 557 2799 possint
568 2729 643 2781 sture
655 2721 683 2778 in
693 2721 780 2780 inani:

145 2825 200 2868 nec
213 2804 290 2886 quod
301 2806 383 2865 inune
394 2813 488 2865 eutem
498 2813 543 2865 est
558 2803 608 2864 ulli
623 2804 781 2865 subsistere
794 2804 897 2883 debet,
949 2833 951 2837 ⁷

65 2900 131 2956 1080
148 2893 231 2972 quin,
244 2908 296 2952 sue
310 2888 386 2968 quod
397 2898 493 2949 nutura
505 2891 593 2968 petit,
608 2888 769 2949 concedere
781 2899 891 2968 perget.

145 2973 219 3036 haud
230 2975 315 3052 igitur
325 2982 446 3053 possunt
457 2973 505 3033 teli
516 2975 624 3034 ratione
636 2974 727 3032 teneri

145 3062 233 3121 resin
246 3057 398 3118 concilium
408 3057 492 3117 medii
504 3056 664 3137 cuppedine
676 3059 797 3117 vinctae.

187 3143 339 3204 Praetereo
351 3143 481 3221 quoniam
493 3158 550 3201 non
561 3142 652 3201 omnia
665 3157 785 3220 corpora
797 3140 903 3218 lingunt

146 3229 174 3288 in
184 3226 306 3288 medium
316 3228 384 3304 niti,
397 3226 450 3287 sed
464 3236 599 3287 terrarum
609 3234 694 3306 etque
706 3224 841 3303 liquoris,

67 3319 132 3375 1085
149 3320 178 3372 et
189 3312 269 3392 quusi
280 3320 397 3371 terreno
409 3328 481 3389 quae
497 3325 619 3388 corpore
631 3310 842 3386 contineantur,

147 3412 274 3456 umorem
284 3396 364 3475 ponti
376 3411 549 3473 magnusque
560 3411 577 3452 e
588 3394 729 3455 montibus
743 3392 848 3471 undas,

147 3490 174 3541 ut
185 3488 283 3541 contre
292 3478 385 3538 tenuis
398 3485 541 3560 exponunt
552 3479 627 3539 00010
639 3495 719 3538 eurus
