2288 3886
561 200 588 261 V

149 387 210 429 nec
223 375 355 447 poterant
365 368 468 448 quibus
480 366 508 427 id
519 365 600 426 flerat
613 383 792 444 cognoscere
809 367 919 428 causis:

152 469 227 530 ergo
239 451 402 530 perfugium
413 452 466 513 sibi
481 449 624 510 habebant
638 453 729 509 omnia
742 451 813 511 divis

62 545 134 601 1185
150 534 268 596 tradere
280 545 309 596 et
322 534 435 596 illorum
446 544 514 595 nutu
528 533 625 593 facere
637 536 728 593 omnia
740 533 825 595 flecti.

149 621 181 678 iu
196 617 337 697 caeloque
349 619 433 679 deum
443 616 530 679 sedes
545 625 575 676 et
589 614 695 693 templa
711 617 855 696 locarunt,

150 720 207 781 per
220 701 331 763 caelum
341 702 419 763 volvi
431 703 496 780 quia
505 699 555 760 lux
565 709 595 759 et
609 700 674 760 luna
684 700 814 778 videtur,

151 785 236 862 luna,
248 784 327 864 dics,
342 795 372 847 et
383 803 458 863 nox,
474 793 504 845 et
516 785 610 845 noctis
622 786 702 863 sigua
713 802 832 863 serena,

149 871 379 948 noctivagaeque
390 869 471 930 faces
487 866 576 944 caeli,
591 866 775 946 flammaeque
789 868 936 946 volantes,

57 964 135 1018 1190
151 951 266 1031 nubila,
279 952 341 1030 sol,
356 952 480 1028 imbres,
492 952 556 1028 nix,
569 953 663 1030 venti,
676 951 809 1029 fulmina,
822 951 946 1030 grando,

151 1046 182 1097 ct
192 1035 282 1113 rapidi
294 1035 440 1113 fremitus,
453 1045 483 1095 et
497 1053 636 1096 murmura
646 1052 746 1112 magna
760 1037 902 1095 ruinarum.

195 1118 324 1197 Ogenus
339 1118 440 1180 infelix
450 1117 615 1196 humanum,
628 1117 694 1179 talia
707 1118 778 1178 divis

152 1221 218 1264 cum
229 1203 328 1264 tribuit
341 1203 416 1264 facta
426 1211 512 1281 atque
524 1203 580 1262 iras
592 1200 717 1261 adiunxit
729 1200 864 1262 acerbas!

151 1295 272 1365 quantos
284 1296 342 1347 tum
353 1288 476 1365 gemitus
491 1287 546 1362 ipsi
561 1286 634 1362 sibi,
648 1293 806 1364 quantaque
822 1285 905 1346 uobis

55 1381 134 1436 1195
150 1369 285 1447 volnera,
298 1388 368 1449 quas
382 1368 512 1431 lacrimas
527 1385 670 1447 peperere
685 1369 832 1428 minoribu‘
844 1367 964 1430 nostris!

150 1473 207 1514 noc
217 1455 309 1531 pietas
321 1453 409 1515 ullast
419 1452 543 1513 velatum
559 1471 647 1532 saepe
658 1453 748 1512 videri

150 1540 259 1598 vertier
268 1537 304 1599 ad
318 1536 440 1617 lapidem
455 1545 540 1613 atque
552 1539 642 1598 omnis
652 1537 795 1598 accedere
809 1537 844 1598 ad
854 1556 935 1616 aras,

152 1639 208 1682 nec
223 1622 412 1700 procumbere
424 1619 499 1680 humi
513 1630 686 1698 prostratum
700 1630 729 1681 et
742 1623 865 1699 pandere
878 1622 985 1702 palmas

151 1714 216 1766 ante
229 1704 312 1765 deum
323 1703 457 1781 delubra,
470 1722 524 1763 nec
538 1721 600 1764 aras
613 1707 749 1781 sanguiue
763 1706 852 1766 multo

59 1801 138 1856 1100
152 1806 291 1868 spargere
304 1787 533 1867 quadrupedum,
545 1804 600 1846 nec
612 1789 687 1846 votis
698 1798 818 1848 nectere
834 1799 917 1866 vota,

151 1872 205 1935 sed
214 1890 298 1950 muge
311 1882 411 1951 pacata
422 1888 510 1949 posse
527 1871 618 1929 omnia
632 1879 727 1929 mente
740 1872 823 1930 tueri.

151 1975 216 2016 uam
228 1974 291 2016 cunr
302 1957 472 2034 suspicimus
487 1955 580 2031 magni
592 1951 728 2015 caelestia
740 1953 834 2013 mundi

151 2039 275 2118 templa,
288 2057 376 2116 super
387 2037 537 2116 stellisque
549 2038 716 2099 micantibus
728 2038 845 2099 aethera
857 2037 959 2116 fixum,

153 2132 183 2184 et
194 2125 311 2183 venitin
322 2131 446 2182 ruentem
461 2121 530 2183 solis
542 2119 683 2201 lunaeque
695 2125 819 2202 viarum,

63 2220 136 2273 1205
153 2218 222 2269 tunc
235 2205 298 2268 aliis
308 2202 449 2286 oppressa
459 2206 540 2266 malis
551 2208 580 2266 iu
594 2216 713 2285 pectora
726 2226 792 2268 cura

152 2291 201 2352 illa
214 2307 328 2368 quoque
340 2290 577 2369 expergefactum
592 2301 676 2366 caput
690 2294 804 2368 erigere
815 2292 893 2367 infit,

152 2394 190 2435 ne
206 2391 278 2453 quae
290 2373 364 2434 forto
380 2374 463 2434 deum
476 2375 559 2435 nobis
573 2375 699 2433 inmensa
712 2383 840 2452 potestas

154 2461 207 2536 sit,
222 2460 301 2518 vario
311 2466 389 2518 motu
401 2476 474 2536 quae
488 2456 604 2518 candida
616 2456 708 2518 sidera
718 2468 830 2519 verset:

153 2551 273 2620 temptat
284 2544 358 2602 enim
372 2542 483 2604 dubiam
493 2552 616 2602 mentem
630 2543 744 2606 rationis
756 2550 887 2620 egestas,

65 2637 139 2692 1210
152 2644 327 2705 ecquaenam
341 2627 426 2687 fuerit
437 2626 531 2686 mundi
542 2626 672 2703 genitalis
685 2629 784 2705 origo,

154 2720 183 2770 et
197 2708 280 2771 simul
291 2729 400 2790 ecquae
415 2712 451 2772 ait
463 2711 541 2787 linis,
558 2710 651 2789 quoad
663 2713 774 2772 moenia
787 2708 881 2771 muudi

154 2792 271 2856 solliciti
280 2804 372 2855 motus
383 2793 459 2854 hunc
471 2797 581 2873 possint
594 2795 670 2856 ferre
681 2794 826 2874 laborem,

153 2896 190 2938 au
201 2877 332 2939 divinitus
343 2888 459 2939 aeterua
470 2879 571 2938 donata
586 2879 677 2939 salute

155 2970 296 3040 perpetuo
309 2964 418 3040 possint
428 2963 492 3022 aevi
506 2961 628 3023 labentia
641 2971 733 3023 tractu

69 3057 138 3112 1115
155 3047 275 3107 inmensi
285 3045 391 3107 validas
401 3046 465 3106 aevi
477 3055 659 3106 contemnere
670 3046 747 3104 viris.

154 3139 304 3207 praeterea
316 3133 361 3190 cui
372 3146 428 3190 uou
441 3132 549 3190 animus
563 3127 710 3189 formidine
723 3127 815 3187 divum

156 3212 344 3292 contrabitur,
358 3215 403 3274 cui
413 3231 470 3273 nou
482 3221 635 3291 correpunt
646 3212 772 3272 membra
785 3227 910 3290 pavore,

155 3296 278 3359 fulminis
292 3295 418 3357 horribili
434 3316 498 3359 curu
510 3296 593 3374 plaga
604 3295 708 3356 torrida
719 3293 804 3356 tellus

157 3382 307 3442 contremit
318 3391 347 3442 ct
358 3398 488 3458 magnum
503 3388 671 3458 percurrunt
684 3397 823 3444 murmura
839 3376 972 3441 caelum?

70 3475 139 3528 1120
152 3482 209 3525 uon
221 3463 319 3544 populi
329 3473 490 3544 gentesque
501 3474 641 3543 tremunt,
655 3481 799 3542 regesque
810 3465 927 3544 superbi
