2288 3886
542 197 555 256 l

129 376 158 427 at
170 366 269 428 iacere
284 374 313 425 et
325 364 404 443 iungi
415 365 477 424 sine
491 381 613 442 corpore
628 362 703 425 nulla
716 373 813 444 potest
823 384 887 442 res,

129 469 185 512 nec
197 449 339 528 praebere
350 447 446 508 locum
459 464 544 526 porro
555 449 608 507 nisi
620 450 700 510 inane
715 467 887 528 vacansque.

59 545 112 596 445
129 551 219 612 ergo,
231 541 347 612 praeter
358 534 440 592 inanc
456 541 486 591 et
498 548 635 609 corpora,
647 534 730 593 tertia
741 551 794 611 per
804 551 837 592 se

129 617 207 677 nulla
216 626 315 696 potest
325 633 419 675 rerum
431 616 588 675 innumero
604 626 700 676 natura
710 615 849 695 relinqui,

129 721 184 762 nec
195 717 269 780 quac
281 700 335 760 sun
344 718 447 761 sensus
460 697 540 760 cadat
554 698 613 759 ullo
625 710 754 778 tempore
765 709 898 778 nostros,

130 804 187 845 nec
196 785 306 844 ratione
321 785 404 843 animi
416 800 498 862 quam
510 784 658 862 quisquam
669 785 761 862 possit
774 785 874 862 apisci.

171 865 327 948 Numquae
339 884 459 945 cumque
471 865 584 944 cluent,
599 877 645 927 aut
656 867 700 928 his
715 870 866 929 coniuncta
877 868 985 933 duabus

55 962 113 1016 450
128 951 216 1012 rebus
229 970 263 1011 ca
274 953 402 1011 invenies
417 960 464 1011 aut
477 949 577 1009 horum
588 960 692 1012 eventa
701 951 822 1013 ridebis.

130 1037 312 1096 coniunctum
322 1045 367 1096 cst
377 1034 406 1094 id
417 1033 493 1113 quod
504 1053 640 1113 nusquam
652 1036 714 1095 sinc
726 1033 873 1113 perniciali

129 1119 250 1179 discidio
261 1121 336 1198 potis
350 1128 395 1179 est
406 1121 517 1195 seiungi
529 1137 620 1196 seque
631 1121 759 1195 gregari;

129 1201 241 1282 pondus
255 1205 296 1263 uti
308 1204 411 1280 saxist,
427 1201 505 1263 calor
514 1204 605 1279 ignis,
617 1201 712 1281 liquor
722 1202 812 1280 aquai.

130 1287 234 1366 [tactus
247 1286 415 1365 corporibus
427 1287 536 1347 cunctis
548 1288 668 1347 intactus
680 1285 765 1364 inani]

53 1379 111 1432 455
127 1371 273 1431 servitium
286 1379 400 1449 contra,
413 1380 582 1449 paupertas,
595 1369 783 1449 diuitiaeque,

129 1453 263 1532 libertas,
275 1453 398 1531 bellum,
413 1453 582 1530 concordia,
595 1462 692 1514 cetera
705 1471 823 1532 quorum

128 1537 250 1597 adventu
261 1546 354 1597 manct
365 1537 513 1599 incolumis
525 1546 622 1597 natura
631 1538 781 1617 obituque,

127 1621 200 1681 haec
212 1619 288 1682 soliti
300 1639 413 1697 sumus,
425 1630 455 1681 ut
466 1639 518 1699 par
528 1630 589 1698 cst,
602 1632 704 1682 eventa
715 1639 829 1683 vocare.

127 1715 241 1783 tempus
255 1707 322 1765 item
333 1722 387 1784 per
398 1722 498 1765 senon
510 1715 571 1782 est,
590 1705 642 1766 sed
653 1707 740 1767 rebus
752 1705 787 1766 ab
799 1706 870 1783 ipsis

53 1799 110 1854 460
126 1791 310 1868 consequitur
321 1807 440 1866 seusus,
458 1798 628 1849 transactum
641 1788 707 1866 quid
718 1791 793 1850 sitin
805 1806 893 1866 aevo,

127 1882 186 1933 tom
197 1891 270 1951 quae
281 1891 329 1933 res
339 1874 442 1950 instet,
456 1870 523 1950 quid
534 1888 620 1950 porro
632 1871 733 1932 deinde
745 1880 895 1949 sequatur:

126 1975 182 2017 nec
192 1973 246 2035 per
258 1975 291 2017 se
304 1973 471 2035 quemquam
482 1965 594 2035 tempus
607 1956 712 2017 sentire
725 1953 895 2016 fatendumst

127 2050 267 2101 semotum
278 2040 313 2117 ab
324 2059 419 2101 rerum
430 2049 509 2101 motu
520 2039 688 2120 placidaque
700 2041 806 2119 quiete.

127 2123 249 2203 denique
262 2123 447 2199 Tyndaridem
457 2133 564 2203 raptam
575 2124 710 2204 belloque
721 2124 852 2186 subactas

56 2219 109 2271 465
125 2207 300 2285 Troiugenas
312 2211 406 2285 gentis
419 2226 483 2268 cum
494 2208 589 2269 ducum
601 2228 684 2287 esse,
702 2209 880 2269 videndumst

127 2310 163 2351 ne
176 2290 250 2352 iortc
264 2290 336 2352 hacc
348 2310 400 2371 per
411 2310 444 2352 se
458 2303 561 2370 cogant
570 2310 623 2354 nos
635 2313 702 2354 esse
713 2293 811 2368 lateri,

127 2373 238 2453 quando
250 2392 284 2435 ea
294 2375 391 2437 saecla
402 2375 559 2454 hominum,
578 2393 696 2454 quorum
712 2375 785 2435 haec
798 2385 900 2436 eventa
910 2375 1040 2457 fuerunt,

127 2458 328 2519 irrevocabilis
339 2458 488 2521 abstulerit
498 2462 552 2519 iam
563 2460 716 2538 praeterita
728 2466 821 2518 aetas:

126 2559 246 2621 namqnc
257 2540 333 2602 aliud
344 2543 464 2622 saeclis,
478 2543 553 2604 aliud
564 2543 729 2621 regionibus
741 2543 810 2621 ipsis

57 2633 111 2688 stc
125 2635 257 2687 eventum
269 2626 324 2686 dici
335 2629 440 2705 poterit
451 2627 651 2706 quodcumque
663 2628 716 2687 erit
727 2637 828 2687 actum.

127 2710 249 2788 deniqne
261 2712 394 2771 materies
405 2713 430 2770 si
441 2730 535 2772 rerum
545 2710 622 2771 nulla
632 2711 750 2789 fuisset,

127 2812 182 2853 nec
194 2792 276 2854 locus
288 2812 322 2854 ac
333 2796 470 2872 spatium,
488 2814 536 2857 res
547 2797 576 2854 in
587 2813 644 2874 quo
657 2813 786 2874 quaeque
798 2805 953 2876 geruntur,

126 2895 275 2956 numquam
285 2877 450 2954 Tyndaridis
462 2878 569 2939 formae
582 2879 718 2939 conilatus
729 2897 825 2940 amore

125 2962 217 3039 ignis,
229 2960 383 3021 Alexandri
394 2962 517 3040 Phrygio
529 2962 583 3023 sub
593 2973 714 3042 pectore
726 2963 871 3041 gliscens,

56 3051 109 3106 475
125 3042 200 3104 clara
210 3045 391 3106 accendisset
402 3049 480 3106 saevi
493 3049 643 3107 certamina
654 3047 740 3124 belli,

125 3147 180 3189 nec
194 3127 266 3189 clam
277 3129 409 3190 durateus
422 3129 548 3191 Troianis
559 3129 695 3208 Pergama
707 3141 788 3210 partu

124 3211 324 3274 inflammasset
337 3231 428 3292 equos
440 3224 578 3274 nocturno
593 3213 827 3293 Graiugenarnm3

124 3299 294 3376 perspicere
306 3307 336 3358 ut
347 3299 443 3376 possis
455 3316 503 3359 res
514 3308 613 3377 gestas
624 3298 748 3360 funditus
761 3301 850 3359 omnis

124 3397 181 3440 non
193 3383 231 3440 ita
242 3383 282 3442 uti
295 3399 400 3459 corpus
411 3400 465 3461 per
474 3401 508 3443 se
520 3392 653 3444 constare
664 3402 759 3463 neque
771 3401 856 3460 essc,

10 3480 14 3549 J
58 3470 109 3526 ido
122 3482 178 3526 nec
189 3466 297 3525 ratione
311 3463 409 3526 cluere
422 3466 522 3527 eadem
534 3485 588 3546 qua
600 3476 713 3529 constet
724 3469 823 3545 inane,
