2288 3886
530 218 557 278 v
980 213 1053 303 um

123 387 249 472 proinde
262 389 342 466 quasi
354 387 381 446 id
393 387 453 447 lieri
464 394 589 464 nequeat
604 384 679 464 quod
691 394 797 464 pugnat
811 393 950 467 uterque,

124 482 178 536 aut
192 475 282 532 minus
294 470 351 530 hoc
363 469 413 529 illo
425 471 461 530 sit
475 487 525 528 cur
535 467 702 546 amplectier
712 470 798 531 ausis.

126 557 254 634 danique
270 572 321 615 cur
331 563 455 632 nequeat
469 570 585 630 semper
598 569 671 612 nova
682 551 747 612 luna
760 554 851 614 creari

63 651 113 707 '30
125 640 227 701 ordine
244 638 393 698 formarum
407 645 486 696 certo
499 637 642 714 certisque
654 635 766 712 liguris,

127 727 217 802 inque
231 722 292 782 dies
306 723 402 801 privos
417 721 540 780 aborisci
557 736 687 798 quaeque
701 729 795 779 creata

129 817 218 886 atque
232 805 286 866 alia
297 803 372 865 illius
384 805 508 882 reparari
517 805 545 862 in
556 811 636 882 parte
648 802 790 881 locoque,

131 888 277 951 difficilest
287 890 395 949 ratione
408 886 514 947 docere
527 895 556 946 et
566 888 681 946 vincere
692 887 806 962 verbis,

130 973 230 1034 ordine
244 991 306 1033 cum
316 974 432 1050 possint
442 981 498 1031 tam
512 980 592 1031 ccrto
605 968 692 1029 multa
707 972 807 1029 creari.

63 1070 117 1125 735
131 1060 152 1118 it
163 1075 216 1117 ver
227 1065 256 1116 et
267 1055 381 1133 Venus,
397 1064 426 1114 et
436 1057 513 1114 veris
525 1055 705 1132 praenuntius
717 1062 782 1113 ante

131 1148 270 1220 pennatus
282 1139 407 1218 graditur
419 1138 577 1215 zephyrus,
589 1138 711 1214 vestigia
725 1145 845 1216 propter

131 1223 216 1285 Flora
227 1223 327 1302 quibus
342 1231 431 1282 mater
441 1239 649 1300 praespargens
661 1229 726 1280 ante
740 1221 795 1280 viai

132 1316 233 1368 cuncta
245 1305 389 1366 coloribus
401 1306 527 1382 egregiis
539 1314 569 1364 et
581 1303 715 1366 odoribus
727 1303 836 1384 opplet.

132 1391 196 1451 inde
207 1390 265 1451 loci
280 1391 408 1468 seqnitur
420 1387 498 1448 calor
508 1388 602 1449 aridus
614 1397 643 1448 ct
658 1406 754 1449 comcs
767 1405 821 1448 una

63 1487 120 1542 740
133 1473 332 1555 pulverulenta
343 1471 433 1533 (lenes
447 1481 476 1532 el
490 1474 580 1533 etesia
592 1472 678 1532 dabra
692 1472 862 1550 aquilonum.

131 1559 197 1618 inde
209 1567 355 1618 autumnus
367 1556 440 1634 adit,
454 1555 579 1634 graditur
590 1556 672 1616 simul
686 1555 794 1618 Eubius
805 1555 894 1616 Euan.

132 1641 197 1701 inde
210 1640 281 1701 aliae
291 1648 478 1719 tempestates
491 1642 625 1719 ventique
640 1650 793 1717 secuntur,

131 1725 280 1785 altitonans
292 1722 447 1784 Volturnus
460 1732 489 1783 et
500 1732 596 1782 auster
610 1722 725 1783 fulmine
741 1722 863 1801 pollens.

132 1807 245 1868 tandem
256 1808 352 1868 bruma
363 1808 444 1867 niues
459 1805 550 1866 adfert
561 1807 730 1884 pigrumque
742 1809 882 1883 rigorem,

63 1904 119 1961 745
130 1891 225 1972 prodit
235 1891 342 1969 hiems,
355 1893 483 1969 sequitur
494 1891 635 1967 crepitans
649 1889 721 1949 hanc
735 1888 865 1948 dontibus
877 1888 967 1967 algor.

132 1977 289 2055 quominus
303 1984 348 2035 est
358 1976 474 2050 mirum,
486 1974 511 2033 si
524 1981 603 2053 certo
615 1981 744 2052 tempore
755 1970 820 2033 luna

131 2061 255 2137 gignitur
267 2067 297 2118 et
310 2067 389 2119 certo
402 2056 513 2117 deletur
525 2065 653 2136 tempore
667 2071 768 2134 rusus,

132 2161 196 2203 cum
209 2143 269 2202 lieri
281 2143 391 2221 possint
405 2150 459 2200 tam
475 2149 554 2201 certo
566 2151 695 2219 tempore
710 2141 804 2201 multa.

174 2225 249 2286 Solis
264 2228 330 2285 item
343 2241 457 2302 quoque
470 2223 601 2284 delectus
616 2225 755 2302 lunaeque
767 2223 890 2285 latebras

63 2322 118 2376 750
132 2308 260 2389 pluribus
272 2327 288 2368 e
302 2310 394 2368 causis
411 2308 472 2367 lieri
484 2308 533 2367 tibi
547 2325 634 2385 posse
647 2306 834 2385 putandumst.

130 2411 192 2452 nam
206 2409 256 2451 cur
267 2391 331 2451 luna
344 2400 428 2470 queat
441 2401 544 2451 terram
558 2389 710 2450 secludere
722 2389 792 2450 solis

131 2476 235 2536 lumine
247 2484 275 2535 et
285 2493 301 2534 a
313 2477 396 2534 terris
407 2473 493 2535 altum
505 2483 590 2552 caput
601 2475 750 2534 obstruere
763 2474 806 2549 ci,

132 2559 260 2619 obiciens
273 2576 390 2618 caecum
401 2558 484 2619 radiis
496 2557 658 2619 ardentibus
675 2557 787 2625 orbem;

131 2653 261 2720 tempore
276 2642 378 2702 eodem
389 2641 457 2702 aliut
468 2642 566 2702 iacere
576 2642 605 2702 id
615 2660 672 2702 non
683 2660 771 2722 posse
783 2649 897 2720 putetur

63 2737 120 2792 755
135 2743 257 2805 corpus,
271 2726 347 2804 quod
358 2744 471 2787 cassum
481 2725 591 2786 labatur
599 2726 704 2786 lumine
719 2721 855 2805 semper?

131 2808 235 2888 solque
246 2827 314 2870 suos
330 2811 413 2869 etiarn
424 2809 562 2870 dimittere
575 2809 722 2888 languidus
733 2812 806 2886 ignis

130 2904 260 2971 tempore
274 2911 324 2952 cur
335 2902 414 2952 certo
425 2903 565 2970 nequeat,
576 2911 767 2971 recreareque
778 2891 889 2969 lumen,

132 2995 195 3038 cunr
210 2975 274 3036 loca
285 2978 431 3053 praeteriit
445 2975 560 3036 dammis
572 2976 673 3035 infesta
684 2994 736 3055 per
750 2993 849 3052 auras,

132 3079 205 3139 quae
216 3059 321 3120 iaciunt
333 3061 406 3137 ignis
418 3061 595 3136 interstingui
609 3069 694 3136 atquc
709 3055 825 3137 perire?

65 3152 120 3208 too
133 3153 163 3204 ct
176 3162 226 3202 cur
237 3153 311 3204 terra
323 3152 408 3221 queat
419 3143 511 3202 lunam
522 3143 647 3221 spoliare
658 3143 784 3202 vicissim

131 3227 235 3287 lumine
251 3236 280 3288 et
292 3245 462 3305 oppressum
473 3225 564 3287 solem
576 3244 663 3304 super
673 3227 735 3303 ipsa
746 3236 863 3300 tenere,

130 3319 272 3372 menstrua
284 3310 348 3370 dum
359 3310 463 3388 rigidas
476 3312 539 3371 coni
550 3309 705 3388 perlabitur
715 3309 841 3377 umbras;

130 3407 260 3475 tempora
272 3394 374 3454 codem
384 3393 451 3454 aliut
462 3402 584 3472 nequeat
598 3411 767 3459 succurrere
781 3393 864 3455 lunae

132 3496 238 3558 corpus
249 3477 297 3539 vel
309 3495 395 3556 supra
406 3477 476 3539 solis
487 3477 630 3557 perlabier
642 3478 756 3556 orbem,

89 3569 247 3622 Lucnnrrus.
850 3561 889 3622 10
