2288 3886
105 238 142 277 vn
502 217 705 275 PRAEFATIO

106 390 265 447 emendatio
274 387 458 457 Lachmanni,
477 387 567 459 quill,
579 392 631 446 515
648 385 777 442 codicum
787 388 934 460 tectosque
944 388 1065 444 correxit
1075 389 1104 444 in

103 480 260 546 clerusque.
292 473 335 527 Ex
345 471 506 527 huiusmodi
523 471 606 543 igitur
623 470 726 526 mendo
745 471 769 526 si
779 473 889 542 priores
907 473 979 529 duae
999 474 1107 529 litterae

107 558 134 612 in
145 554 376 630 lTASTA'lUAS
393 563 471 611 ortae
483 562 562 624 sunt,
578 556 659 610 facilc
679 554 745 610 inde
764 555 794 611 id
808 558 977 614 vocabulum
990 558 1107 625 elicitur,

106 641 182 712 quod
199 643 227 696 in
244 657 359 697 versum
369 643 404 697 m
421 639 584 695 asciscimus
605 639 660 694 sic:
681 639 806 696 subsidiis
821 644 928 713 magnis
946 640 1107 696 hastatis

105 726 295 783 emaculatae.
328 725 386 780 Iam
397 741 467 780 vero
476 740 591 778 mancus
604 724 694 780 evasit
705 725 773 780 alter
784 741 885 780 versus
899 729 943 784 43.
976 726 1047 779 Eum
1059 725 1106 779 vix

105 810 197 881 aptius
214 817 282 882 puto
303 809 428 880 suppleri
444 825 531 880 posse
549 824 632 879 quam
655 809 729 863 idern
755 811 922 865 vocabulum
940 810 1022 864 etiam
1043 816 1106 879 post

105 896 192 949 armis
203 893 336 965 ponendo
349 893 500 964 quodcum
511 895 648 947 animatas
665 892 806 947 coniunxit
816 894 972 949 Lucretius:
992 899 1108 949 ornatus

105 980 191 1033 armis
208 979 348 1049 pariter
360 978 524 1048 pariterque
542 979 692 1045 animatas,
720 993 774 1048 quc
793 978 921 1049 legiones
940 994 997 1033 non
1015 977 1106 1031 minus

106 1062 198 1116 animo
213 1078 296 1133 quam
308 1062 391 1117 armis
404 1076 489 1131 pares
503 1077 566 1117 esse
580 1060 717 1121 dicuntur.

167 1313 265 1370 Restat
278 1321 307 1369 ut
318 1315 440 1370 indicem
454 1315 612 1386 signorum,
632 1317 732 1387 quibus
746 1334 814 1372 usus
833 1333 909 1386 sum,
927 1315 1106 1389 significatio·

99 1416 167 1454 nes.
198 1399 241 1455 Ac
251 1399 372 1470 primum
383 1396 497 1469 quidem

168 1479 181 1557 [
191 1479 203 1556 J
216 1482 295 1537 uncis
320 1481 498 1537 includuntur
516 1483 623 1551 omnia,
643 1499 715 1554 quae
727 1484 907 1555 interpolator
925 1485 999 1551 (vid.
1021 1500 1108 1555 supra

106 1585 135 1640 p.
149 1566 210 1635 VI.)
221 1567 269 1623 vel
281 1565 379 1622 alienis
391 1566 459 1621 locis
471 1566 582 1624 iteravit
590 1568 636 1621 vel
647 1567 709 1638 ipse
722 1567 847 1623 coniecit
874 1568 982 1623 Deinde

184 1645 199 1727 Η
225 1650 334 1705 lineolis
349 1650 378 1703 in
396 1650 480 1704 initiis
506 1652 578 1706 etin
593 1649 695 1707 finibus
717 1658 846 1707 notantur
870 1669 921 1707 eae
943 1652 1106 1722 particulae,

107 1750 177 1806 quas
194 1734 305 1806 scripsit
319 1732 432 1804 quidem
445 1734 589 1790 Lucretius
607 1735 659 1790 sed
676 1735 821 1791 seiunctim
841 1753 857 1790 a
875 1736 1005 1790 carminis
1021 1736 1108 1790 conti-

107 1819 210 1874 nuitate
230 1818 259 1873 in
277 1817 465 1890 singularibus
483 1818 625 1875 schedulis
645 1820 834 1892 consignavit.
874 1820 930 1875 Eas
948 1819 980 1886 Q.
1000 1818 1107 1887 Cicero,

106 1904 152 1974 qui
171 1908 236 1974 post
248 1906 351 1975 po'e'tac
365 1913 482 1958 mortem
501 1920 614 1959 carmen
629 1905 824 1960 Lucretianum
845 1904 945 1972 edidit,
967 1904 1004 1958 ibi
1021 1904 1108 1958 collo-

106 1988 180 2044 cavit
191 2003 246 2058 quo
258 1987 399 2059 pertinere
411 1987 587 2056 videbantur,
599 2003 692 2059 neque
702 1995 796 2043 tamen
804 1987 930 2059 effugere
942 1987 1031 2058 potuit
1042 1988 1108 2058 quin

105 2072 269 2141 interrumpi
283 2070 459 2142 aequabilem
471 2071 601 2126 carminis
615 2077 742 2126 tenorem
752 2072 814 2126 talis
826 2073 913 2128 lector
927 2072 1027 2143 sentiat
1039 2087 1107 2142 qua-

105 2156 138 2211 lis
151 2155 201 2210 luit
213 2153 424 2224 Lachmannus,
442 2155 489 2225 qui
510 2154 622 2226 quidem
640 2155 668 2210 in
687 2156 746 2210 istis
762 2156 905 2226 particulis
920 2154 1108 2227 segregandis

106 2241 144 2295 ita
158 2242 287 2296 versatus
301 2244 358 2308 est,
376 2243 406 2292 ut
420 2239 578 2294 nesciamus
589 2245 680 2294 utrum
691 2241 873 2312 sagacitatem
884 2239 974 2312 magis
986 2238 1107 2293 admire-

106 2339 168 2379 mur
181 2338 218 2378 an
228 2322 450 2394 temperantiam.
486 2323 613 2394 Denique

170 2424 204 2463 ea
221 2408 374 2476 vocabula,
395 2423 467 2478 quae
489 2424 546 2463 non
565 2414 675 2465 exstant
691 2410 720 2463 in
739 2409 882 2464 codicibus
898 2408 1012 2463 sedvel
1030 2423 1046 2461 a
1061 2423 1107 2460 su-

105 2491 264 2563 perioribus
277 2492 429 2547 editoribus
441 2494 488 2548 vel
502 2492 709 2548 abachmanno
724 2495 771 2549 vel
786 2510 803 2548 a
817 2509 862 2547 me
875 2491 1032 2564 excogitata
1044 2497 1109 2544 sunt

107 2577 143 2631 ad
160 2575 314 2648 explendas
332 2576 536 2631 versiculorum
554 2592 716 2644 mensuras,
738 2578 861 2644 cursivo,
888 2575 964 2646 quod
980 2581 1107 2643 vocatur,

105 2661 259 2716 litterarum
269 2673 371 2730 ponere
388 2658 572 2729 exprimenda
583 2660 690 2729 curavi,
709 2676 744 2715 ne
755 2660 874 2731 amplius
891 2657 1108 2731 lexicographos

105 2741 341 2816 grammaticusve
353 2742 457 2798 lallant.

167 2827 317 2881 Praeterea
328 2841 390 2881 cum
403 2825 450 2895 IV,
464 2831 533 2883 1122
549 2827 677 2881 codicum
689 2828 855 2900 scripturam
866 2829 999 2883 olideasia
1012 2842 1107 2880 nemo-

107 2911 174 2966 dum
197 2910 393 2981 explicaverit,
419 2909 636 2966 Lachmanniani
661 2918 753 2967 autem
771 2913 877 2969 inventi
901 2899 1053 2966 ἇλιδεύσια
1072 2924 1109 2962 ne

106 2994 243 3049 Graecum
262 2992 375 3064 quidem
394 2996 553 3065 exemplum
569 2997 655 3050 ullum
668 2996 839 3067 inveniatur,
857 2997 942 3052 satius
956 2996 1049 3052 visum
1067 2998 1109 3047 est

105 3078 233 3134 codicum
250 3078 417 3148 scripturam
427 3079 561 3134 abilensis
571 3078 704 3135 exhibere
719 3089 785 3137 uota
798 3078 820 3154 †
832 3082 970 3154 apposita.

168 3189 227 3248 Sor.
240 3190 356 3248 Bonnae
369 3210 406 3247 m.
418 3192 517 3248 Martio
530 3209 557 3253 a.
573 3193 748 3250 nocturn.
