2288 3886
115 177 154 239 10
603 170 618 233 1

238 342 301 404 Nee
315 352 408 402 tamen
418 340 542 419 undique
554 358 694 420 corporea
705 340 808 419 stipate
818 346 952 403 tenentur

133 440 186 495 330
199 429 289 488 omnia
301 435 412 486 natura:
426 442 546 503 namque
559 434 604 484 est
615 427 643 484 in
654 424 741 484 rebus
753 426 844 484 inane.

199 511 275 591 quod
285 511 336 571 tibi
348 526 493 587 cognosse
504 510 532 567 iu
543 506 637 568 multis
649 511 703 568 erit
715 507 785 569 utile
797 508 902 587 rebus,

199 614 253 656 nee
266 597 340 656 sinet
351 602 491 654 errantem
502 590 629 652 dubitare
642 602 670 651 et
683 609 821 669 quaerere
832 609 947 671 semper

198 680 234 740 de
246 696 351 741 summa
361 694 455 737 rerum
466 685 495 737 et
506 677 611 736 nostris
624 673 752 735 diiddere
765 674 857 735 dietis.

201 765 386 843 [quapropter
395 760 478 820 loeus
494 768 540 820 est
550 761 671 820 intactus
682 760 764 818 inane
776 759 950 838 vacansque}

132 859 183 912 335
195 846 271 927 quod
283 847 307 905 si
319 861 375 904 non
386 855 483 921 esset,
496 842 572 902 nulla
583 845 691 904 ratione
703 845 812 903 moveri

198 950 246 991 res
258 938 392 1009 possent:
403 945 521 1006 namque
534 927 658 986 officium
669 927 745 1005 quod
757 928 885 1006 eorporis
899 936 1009 1004 exstat,

200 1014 318 1076 oiiieere
330 1022 415 1090 atque
428 1011 559 1088 obstare,
572 1010 601 1070 id
611 1012 640 1069 in
652 1012 725 1070 omni
736 1021 866 1090 tempore
877 1010 994 1072 adesset

200 1098 344 1160 omnibus:
355 1095 429 1157 baud
440 1097 525 1173 igitur
537 1097 686 1173 quicquam
699 1095 859 1175 procedere
868 1105 988 1173 posset,

200 1183 368 1263 principium
379 1181 509 1259 quoniam
521 1178 641 1240 cedendi
652 1179 729 1239 nulla
740 1179 819 1240 deret
829 1197 887 1239 res.

135 1277 188 1332 340
203 1276 231 1327 at
242 1284 317 1326 nuno
328 1282 381 1344 per
392 1266 476 1323 maria
487 1282 521 1323 ae
534 1272 624 1324 terras
637 1263 813 1343 sublimaque
826 1261 899 1323 caeli

200 1350 287 1410 multa
297 1346 387 1408 modis
398 1346 492 1407 multis
502 1349 579 1407 varie
591 1348 699 1407 ratione
710 1350 819 1408 moveri

203 1436 342 1495 cernimus
354 1441 417 1491 ante
430 1430 545 1500 oeulos;
559 1449 647 1508 quae,
661 1433 751 1491 sinon
762 1441 842 1492 esset
853 1433 950 1506 inane,

200 1536 257 1578 non
267 1526 322 1577 tem
333 1514 458 1575 sollicito
469 1524 546 1574 motu
558 1517 666 1593 privata
678 1525 807 1575 carerent

201 1619 283 1681 quam
293 1600 389 1678 genite
402 1601 513 1659 omnino
524 1597 600 1658 nulla
611 1601 719 1659 ratione
730 1599 868 1677 fuissent,

134 1697 185 1750 345
200 1685 323 1764 undique
334 1683 467 1764 materies
480 1685 609 1760 quoniam
621 1685 722 1762 stipata
734 1685 870 1762 quiesset.

200 1778 351 1850 praeterea
364 1768 489 1847 quamvis
501 1765 610 1828 solidae
621 1785 669 1828 res
680 1786 748 1828 esse
759 1777 909 1846 putentur,

199 1854 266 1915 bine
277 1862 370 1914 temen
382 1871 448 1913 esse
460 1851 529 1912 lieet
537 1869 601 1911 raro
614 1870 677 1912 eum
689 1869 811 1931 corpore
825 1869 934 1912 cernas.

97 1991 100 1995 .
200 1942 228 1999 in
241 1940 315 1999 saxis
327 1955 361 1997 ae
372 1935 518 2016 speluncis
529 1946 673 2015 permanat
686 1954 818 2015 aquemm

201 2023 324 2102 liquidus
336 2037 416 2080 umor
428 2031 457 2080 et
469 2019 604 2079 uberibus
616 2020 683 2079 flent
698 2021 789 2079 omnia
799 2021 896 2097 guttis.

135 2118 188 2171 350
201 2104 319 2184 dissipat
330 2106 358 2163 iu
370 2120 474 2183 eorpus
486 2122 553 2164 sese
567 2104 647 2164 cibus
663 2121 745 2162 omne
756 2105 937 2163 animantum:

202 2197 336 2250 creseunt
346 2187 461 2248 arbusta
472 2195 500 2247 et
511 2186 586 2247 fetus
599 2189 766 2266 intempore
779 2186 914 2266 fundunt,

201 2271 278 2353 quod
290 2273 370 2334 uibus
382 2273 410 2331 in
421 2281 495 2332 totas
506 2289 597 2351 usque
609 2272 643 2332 ab
660 2270 802 2332 radicibus
816 2274 877 2332 imis

201 2375 255 2438 per
265 2367 381 2418 tmneos
393 2374 427 2417 ee
439 2375 492 2437 per
501 2373 594 2417 remos
606 2356 767 2417 diffunditur
778 2359 877 2418 omnis.

202 2444 276 2504 inter
285 2451 385 2521 saepta
394 2451 487 2517 meent
498 2460 588 2503 voees
600 2451 629 2502 et
642 2440 738 2503 clausa
751 2441 896 2503 domorum

130 2537 183 2590 355
197 2527 407 2603 transvehunt,
420 2526 541 2604 rigidum
552 2535 695 2606 permanat
706 2527 796 2605 frigus
809 2527 843 2587 ad
855 2545 930 2588 ossa.

200 2609 277 2691 quod
288 2613 341 2671 nisi
352 2613 442 2670 inania
454 2613 526 2686 sint,
540 2627 594 2687 qua
608 2627 729 2688 corpore
740 2628 870 2689 quaeque
881 2611 1010 2674 valerent

199 2696 319 2755 transire
331 2692 404 2754 haud
415 2692 472 2752 ulla
483 2694 544 2752 fieri
555 2695 663 2753 ratione
675 2693 798 2755 videres.

200 2778 322 2855 denique
335 2795 386 2837 eur
397 2776 465 2838 alies
476 2777 538 2838 aliis
550 2787 696 2857 praestare
707 2777 834 2840 videmus

197 2859 326 2942 pondere
337 2880 385 2923 res
400 2863 487 2922 rebus
499 2860 557 2921 nilo
570 2865 674 2924 maiore
687 2861 796 2941 figura?

134 2955 187 3010 360
199 2963 262 3006 nam
274 2947 298 3006 si
310 2945 499 3007 tantundemst
510 2948 538 3007 in
549 2945 629 3008 lenae
640 2946 770 3026 glomere
782 2959 913 3027 quantum

199 3031 329 3110 eorporis
345 3031 373 3089 in
384 3029 500 3109 plumbo
512 3040 574 3110 est,
592 3032 753 3093 tantundem
764 3033 892 3112 pendere
904 3054 955 3112 per
968 3044 1029 3106 est;

199 3115 328 3193 eorporis
341 3113 494 3175 officiumst
506 3119 636 3193 quoniam
647 3134 779 3197 premere
791 3119 881 3176 omnia
894 3118 1044 3199 deorsum,

198 3207 296 3257 eontra
306 3208 400 3259 autem
410 3208 507 3258 nature
517 3211 610 3262 manet
621 3202 682 3261 sine
693 3200 821 3279 pondere
834 3203 932 3264 inanis.

196 3299 268 3358 ergo
281 3282 357 3360 quod
368 3294 524 3360 magnumst
537 3303 627 3362 aeque
640 3284 789 3364 leviusque
800 3285 927 3365 videtur,

133 3373 183 3428 365
194 3367 339 3444 nimirum,
351 3365 417 3445 plus
429 3387 498 3428 esse
510 3369 564 3429 sibi
578 3368 703 3429 declaret
717 3370 823 3429 inanis:

195 3458 223 3510 et
236 3459 334 3511 eontra
344 3453 459 3529 gravius
471 3450 537 3531 pius
549 3454 576 3512 in
588 3472 621 3514 se
635 3454 765 3533 eorporis
778 3471 846 3514 esse
