2288 3886
532 164 546 223 1

131 328 291 406 corporibus
304 327 426 401 iaciunt,
439 347 533 408 00000
545 347 660 408 pausem
671 339 745 390 07000
758 328 882 407 fragori,

130 428 178 470 nec
189 429 321 491 prorsum
332 412 360 471 in
371 410 458 472 robus
471 414 611 472 minimum
625 414 784 474 consistere
799 415 965 491 00700000ος

128 512 185 554 cum
195 495 343 556 videamus
354 493 382 553 id
394 504 549 556 extremum
562 498 699 575 cuiusque
713 514 848 557 cacumen

80 583 119 640 770
127 597 188 639 0000
201 578 278 657 quod
290 579 437 640 adsensus
450 590 564 642 nostros
576 582 714 639 minimum
727 581 935 659 emendetur,

127 664 257 724 conicere
268 672 301 723 ut
311 665 407 743 possis
419 682 455 724 cx
467 664 540 742 hoc,
554 682 626 742 0000
639 682 758 725 0000000
770 682 826 724 000
839 666 901 743 0070

125 756 279 808 extremum
294 746 370 826 qood
382 746 502 827 hubent,
515 750 654 807 minimum
666 750 825 809 consistere
834 768 985 827 prorsum.

124 829 177 890 buc
188 831 302 893 accedit
314 834 369 909 uti,
382 835 512 910 00007000
523 832 674 911 primordia
686 850 780 892 rernm

123 913 216 974 mollia
229 917 420 994 constituunt,
433 933 505 995 0000
518 933 570 976 000
583 918 675 977 nativo
685 915 812 976 videmus

67 1004 111 1061 755
122 1017 188 1060 0000
200 1008 230 1059 07
241 999 352 1060 mortali
366 1018 429 1060 cnm
441 1018 581 1081 corpore,
595 1000 720 1060 iunditus
733 1018 824 1078 usque

122 1082 225 1144 debent
237 1083 272 1143 od
282 1083 368 1143 nilum
381 1086 434 1144 iam
444 1103 537 1146 rerum
549 1102 655 1145 summa
665 1086 772 1143 reverti

122 1167 157 1228 dc
168 1165 285 1247 uiloquc
297 1177 394 1229 000070
404 1171 557 1247 vigescere
570 1170 771 1248 copiosiorum

121 1269 240 1331 quorum
251 1262 400 1332 utrumque
412 1253 479 1331 quid
491 1271 508 1312 0
518 1270 589 1314 vcro
600 1254 655 1312 inm
667 1251 752 1312 distet
763 1250 890 1312 babebis.

122 1334 224 1396 deinde
236 1337 348 1396 inimica
358 1336 449 1399 modis
464 1335 557 1398 multis
569 1345 634 1397 sunt
644 1347 729 1414 07000
742 1353 853 1397 veneno

59 1427 110 1487 700
119 1422 183 1500 ipsc
195 1420 250 1481 sibi
263 1423 336 1481 inter
347 1440 395 1491 00;
408 1440 495 1500 00000
507 1431 554 1481 007
567 1438 723 1499 congressa
735 1421 883 1500 peribunt,

119 1514 167 1566 007
178 1507 216 1564 770
228 1504 376 1583 diffugient
387 1514 417 1567 07
427 1514 599 1584 tempestate
612 1515 711 1566 concta

118 1588 235 1649 fulmina
247 1588 387 1668 diffugere
399 1599 484 1669 07000
495 1591 592 1652 imbris
607 1598 767 1667 ventosque
779 1588 914 1648 videmus.

160 1673 293 1752 Denique
308 1683 439 1752 00077οο0
449 1693 486 1734 ex
497 1675 584 1735 rebus
596 1677 620 1735 si
634 1682 735 1735 cuncto
747 1682 878 1732 creantur

119 1768 205 1837 07000
217 1760 246 1818 70
257 1776 307 1818 000
318 1775 428 1819 rursum
440 1776 487 1820 rcs
500 1760 591 1819 omnia
604 1756 813 1832 dissoluuntur,

54 1851 105 1908 765
117 1845 166 1921 007
177 1843 266 1920 magis
278 1839 326 1901 7110
340 1851 446 1920 000007
457 1860 551 1903 rerum
561 1840 712 1920 prinordia
724 1839 779 1897 dici

118 1944 202 2006 quam
213 1936 312 1987 contro
322 1944 371 1988 res
380 1925 494 1987 illorum
504 1936 640 2005 retroque
651 1919 763 2004 putari?

118 2009 236 2071 alternis
247 2012 400 2089 gignuntur
412 2013 485 2072 enim
497 2018 659 2088 mutantque
672 2006 799 2070 colorem

118 2104 248 2156 ettotam
257 2097 376 2157 7070000
388 2106 512 2157 naturam
522 2106 652 2174 tempore
664 2093 699 2154 ob
711 2093 793 2152 omni.

53 2187 105 2244 770
117 2181 161 2242 070
176 2181 214 2239 770
226 2179 301 2240 70070
312 2189 395 2258 putus
406 2181 480 2258 ignis
491 2189 642 2258 terraeque
655 2179 733 2238 coire

119 2281 226 2344 corpus
238 2272 267 2323 07
278 2264 370 2323 norim
383 2282 465 2324 00000
478 2281 630 2342 roremque
641 2263 776 2340 liquoris,

118 2347 158 2408 nil
169 2350 198 2407 in
209 2346 334 2407 concilio
344 2358 469 2408 00700000
480 2357 510 2408 ut
521 2358 608 2408 mutet
621 2363 736 2416 eorum,

118 2428 196 2491 nulls
205 2432 258 2491 tibi
271 2431 375 2493 exiliis
386 2434 493 2512 poterit
504 2450 551 2492 res
564 2450 630 2492 csse
644 2438 755 2504 000070,

118 2532 175 2576 000
186 2517 310 2576 animans
320 2561 329 2593 ,
341 2534 398 2577 nou
410 2518 538 2577 exanimo
552 2533 614 2575 oum
627 2529 768 2591 corpore,
781 2520 810 2570 07
822 2509 922 2571 orbos:

56 2606 104 2662 775
118 2601 225 2679 qnippe
237 2617 316 2661 suum
327 2603 450 2680 quicque
462 2603 491 2660 iu
504 2610 589 2660 coetu
599 2598 731 2658 variantis
744 2597 840 2655 000007

118 2693 244 2744 usturam
255 2683 404 2762 ostendet,
417 2687 576 2763 mixtusque
589 2683 729 2744 videbitur
740 2687 790 2740 000

121 2785 183 2827 cum
194 2777 271 2828 term
281 2766 363 2827 simul
374 2777 459 2848 07000
472 2769 556 2828 ordor
568 2786 631 2828 cum
642 2784 707 2827 rorc
719 2784 841 2826 manere.

119 2860 146 2911 07
156 2850 309 2931 primordia
320 2853 474 2932 gignundis
485 2854 513 2912 in
524 2852 603 2913 rebu‘
614 2859 768 2911 necessest

119 2945 244 2996 naturum
255 2935 457 2998 clandestinam
469 2954 640 3014 coccumque
653 2934 803 3001 adhibere;

61 3023 109 3081 780
121 3021 242 3080 emineat
255 3019 387 3100 nequid,
400 3020 476 3099 quod
488 3030 585 3081 contro
596 3029 703 3099 pugnet
716 3028 745 3078 et
757 3018 853 3077 obstet

120 3105 280 3182 quominus
293 3123 360 3166 0000
376 3114 461 3182 00007
476 3105 592 3183 proprie
604 3103 803 3181 quodcumque
817 3108 936 3161 creatur.

161 3187 235 3261 Quin
248 3191 331 3249 etium
344 3196 478 3267 repetunt
490 3206 505 3247 0
518 3187 599 3248 00070
610 3196 695 3265 07000
706 3185 818 3264 ignibus
831 3185 910 3260 cius,

120 3281 149 3332 07
160 3273 279 3350 nmmum
290 3271 396 3333 iaciunt
408 3273 503 3350 ignem
515 3291 547 3333 00
559 3279 673 3331 0007000
687 3272 714 3328 70
727 3287 807 3328 00000

118 3357 193 3417 uiris
203 3401 213 3434 ‚
225 3355 291 3416 binc
302 3355 420 3416 imbrem
431 3357 526 3435 gigni,
539 3365 698 3432 terramque
715 3354 804 3413 creari

13 3470 17 3517 ;
62 3442 109 3503 787)
120 3457 156 3501 cx
167 3440 250 3500 imbri
263 3486 273 3519 ‚
287 3449 424 3519 retroque
436 3460 452 3500 0
463 3449 538 3500 term
551 3447 652 3498 cuncta
663 3439 786 3514 reverti,

13 3550 24 3633 i·

8 816 12 845 Ι
