2288 3886
547 197 587 258 Vl

153 373 218 424 ante
231 363 260 423 lit
271 372 300 422 ut
316 379 414 423 cernas
427 362 513 421 ictum
526 352 608 440 quam
620 363 703 440 plaga
714 381 768 441 per
779 365 853 424 auris

78 444 686 524 1701010101οι11011130101111100110
703 449 843 506 cemimus
856 455 920 506 aute

156 548 238 610 quam
248 531 379 589 tonitrum
391 531 564 607 accipimus,
576 531 683 607 pariter
696 532 742 610 qui
756 532 872 590 mittitur
883 530 941 607 igni

155 634 173 675 e
185 613 267 675 simili
281 630 382 690 causa,
397 629 538 671 concursu
551 621 633 674 natus
645 612 755 672 eodem.

197 697 259 756 1100
270 698 353 756 etiam
363 705 447 774 pacto
459 696 568 756 volucri
580 694 645 756 loca
656 694 760 756 lumine
770 699 881 773 tingunt

155 782 247 841 nubes
262 789 291 839 et
304 778 424 840 tremulo
437 787 594 858 tempestas
606 782 713 858 impete
724 779 815 856 fulgit.

85 874 258 930 1751011111
273 864 320 923 ubi
335 864 435 923 invasit
445 864 549 922 nubem
560 872 589 923 et
600 872 730 923 versatus
742 863 848 923 ibidem

156 948 224 1008 fecit
234 957 263 1007 ut
274 956 338 1006 ante
352 963 447 1005 cavam
462 946 545 1005 docui
557 948 739 1025 spissescere
751 948 874 1024 nubem,

155 1031 310 1091 mobilitate
323 1048 373 1090 sua
385 1028 538 1097 fervescit;
550 1038 581 1089 ut
596 1031 687 1089 omnia
700 1039 778 1089 motu

156 1114 348 1194 percalefacta
358 1113 439 1174 vides
450 1113 623 1190 ardescere,
637 1112 770 1192 plumbea
777 1131 848 1173 vero

129 1189 135 1203 ’
157 1197 239 1275 glans
253 1199 335 1256 etiam
346 1195 434 1274 longo
452 1214 536 1256 cursu
546 1195 687 1257 volvenda
699 1195 841 1274 liquescit.

88 1291 146 1345 180
157 1298 228 1359 ergo
239 1280 365 1340 fervidus
378 1279 425 1339 hic
436 1281 540 1340 nubem
556 1298 619 1339 cum
631 1280 767 1358 perscidit
779 1288 881 1358 atram,

158 1365 274 1442 dissipat
287 1363 394 1423 ardoris
407 1365 486 1441 quasi
498 1382 550 1442 per
561 1365 616 1422 rim
628 1381 767 1442 expressa
777 1373 896 1443 repente

157 1451 277 1524 semina,
292 1465 364 1524 quae
376 1447 482 1506 faciunt
492 1449 625 1506 nictantia
636 1446 747 1524 fulgura
758 1447 900 1508 dammae:

157 1532 222 1591 inde
234 1548 322 1592 sonus
334 1532 478 1608 sequitur,
493 1533 540 1608 qui
553 1529 658 1591 tardius
670 1531 766 1592 adficit
778 1532 852 1591 auris

158 1632 240 1693 quam
251 1633 323 1693 quae
338 1616 506 1691 perveniunt
518 1613 666 1674 oculorum
676 1615 711 1676 ad
723 1614 824 1675 lumina
835 1625 940 1676 nostra.

90 1707 144 1762 185
157 1697 287 1775 scilicet,
300 1696 356 1756 hoc
369 1696 464 1757 densis
480 1700 509 1758 sut
520 1699 642 1758 nubibus
655 1708 684 1758 et
696 1699 777 1761 simul
789 1698 846 1759 alte
911 1728 913 1732 ·

157 1784 294 1843 extructis
306 1780 368 1840 aliis
379 1779 447 1841 alias
461 1798 549 1858 super
561 1783 667 1858 impete
678 1784 757 1840 miro.

156 1884 212 1926 nec
223 1865 273 1924 tibi
286 1866 323 1924 sit
335 1864 408 1923 frudi
420 1864 496 1942 quod
507 1881 560 1923 nos
573 1862 681 1922 inferna
694 1863 822 1923 videmus

158 1967 240 2028 quam
251 1951 306 2008 sint
316 1947 371 2007 lata
382 1950 472 2024 magis
485 1965 568 2025 quam
579 1964 690 2007 sursum
701 1956 830 2007 extructa
841 1948 907 2026 quid
920 1957 1030 2011 extent.

158 2032 364 2111 contemplator
375 2034 466 2108 enim,
480 2048 544 2090 cum
555 2031 696 2090 montibus
711 2030 873 2091 adsimulata

92 2124 146 2180 100
156 2115 251 2176 nubila
261 2116 413 2194 portabunt
423 2117 500 2174 venti
513 2124 675 2175 transversa
686 2132 740 2194 per
749 2133 849 2192 auras,

156 2209 203 2273 aut
215 2199 262 2257 ubi
275 2217 328 2278 per
338 2216 456 2275 magnos
467 2201 570 2259 montis
582 2198 721 2259 cumulata
731 2199 842 2260 videbis

156 2285 276 2362 iusuper
286 2301 354 2343 esse
366 2281 428 2341 aliis
441 2282 494 2341 alia
506 2291 591 2360 atque
603 2299 728 2358 urguere
740 2300 864 2360 superne

157 2369 187 2427 in
198 2367 318 2426 statione
330 2365 423 2426 locata
435 2365 556 2444 sepultis
568 2363 691 2441 undique
702 2367 810 2433 ventis;

157 2460 216 2510 tum
226 2452 334 2528 poteris
345 2467 460 2527 magnas
474 2447 566 2508 moles
580 2464 759 2524 cognoscere
771 2464 869 2507 eorum

94 2542 145 2598 195
156 2533 367 2613 speluncasque
381 2532 461 2592 velut
477 2535 551 2592 saxis
562 2526 746 2610 pendentihu‘
758 2540 880 2592 structas
967 2587 968 2590 ,

158 2635 295 2693 00111010,
308 2635 377 2694 quas
390 2619 467 2676 venti
479 2635 542 2676 cum
552 2623 724 2695 tempestate
737 2612 835 2675 coorta

158 2699 343 2778 conplemnt,
355 2718 456 2776 niagno
468 2699 646 2777 indignantur
655 2717 795 2759 murmure
809 2697 897 2762 clausi

157 2784 296 2861 nubibus,
308 2786 337 2842 in
350 2785 504 2860 caveisque·
515 2783 637 2843 ferarum
647 2801 727 2843 more
738 2785 890 2861 minantur,

157 2885 232 2927 nunc
242 2866 309 2927 hinc
319 2884 393 2925 nunc
404 2865 483 2930 illinc
494 2866 621 2926 fremitus
635 2885 689 2945 per
699 2866 794 2946 nubila
804 2869 933 2945 mittunt,

90 2960 146 3013 200
157 2961 385 3029 quaerentesque
400 2951 473 3010 viam
485 2952 756 3025 circumversantur‚
769 2959 798 3009 et
808 2951 882 3026 ignis

158 3037 264 3095 semina
280 3031 452 3109 convolvunt
464 3053 480 3094 e
491 3033 612 3092 nubibus
623 3042 707 3109 atque
718 3035 756 3091 ita
769 3041 874 3108 cogunt

157 3117 260 3196 multa,
271 3127 421 3196 rotantque
435 3119 511 3177 cavis
527 3116 662 3176 flammam
674 3114 837 3175 fornacibus
848 3117 940 3192 intus,

158 3202 250 3262 donec
262 3201 371 3261 divolsa
382 3200 521 3262 fulserunt
532 3201 606 3259 nube
620 3202 742 3259 corusci.

198 3285 258 3344 llac
272 3289 354 3345 etiam
367 3285 396 3343 fit
410 3287 448 3345 uti
460 3284 496 3343 de
512 3301 596 3343 causa
607 3280 719 3343 mobilis
732 3281 780 3340 ille

89 3377 144 3430 aot
156 3368 272 3429 devolet
283 3372 310 3427 in
325 3377 427 3427 terram
439 3367 536 3445 liquidi
549 3365 629 3426 color
640 3383 742 3426 aureus
753 3366 844 3442 ignis,

156 3455 264 3515 semina
275 3451 351 3533 quod
361 3452 453 3513 nubes
463 3453 541 3531 ipsas
551 3448 690 3531 permulta
700 3457 854 3511 necessust
