2288 3886
529 208 558 269 ll

86 386 161 438 11501
171 377 263 436 variae
274 373 409 438 volueres
420 395 536 437 nemora
547 376 609 436 avia
620 375 828 455 pervolitantes

134 465 198 522 acra
208 478 261 539 per
269 467 398 520 tenerum
412 459 526 540 liquidis
537 459 604 520 loca
612 460 737 521 vocibus
750 461 886 542 opplent,

135 562 212 625 quam
226 544 321 604 subito
332 542 424 604 soleat
433 544 479 604 sol
492 553 571 605 ortus
582 553 715 622 tempore
726 544 774 606 tali

135 629 296 690 convestire
306 644 358 688 sua
368 628 543 707 perfundens
556 628 648 687 omnia
658 625 744 706 luce,

134 713 260 774 omnibus
271 713 300 771 in
311 722 444 792 promptu
458 711 695 791 manifestumque
708 731 776 774 0110
789 715 927 778 videmus.

82 805 124 859 150
133 806 159 858 at
169 813 261 875 vapor
269 796 295 856 is
309 812 393 875 quem
404 796 450 857 sol
462 798 545 856 mittit
558 795 712 874 lumenque
725 815 874 878 serenum,

133 898 188 941 nou
199 898 252 960 per
262 880 345 940 inane
356 889 431 942 meat
441 897 576 949 vacuum;
590 897 646 960 quo
658 879 764 941 tardius
776 883 817 943 ire

134 966 261 1042 cogitur,
274 965 366 1024 aerias
378 965 460 1043 quasi
470 964 536 1024 dum
547 963 711 1037 diverberet
722 965 826 1026 undas:

132 1068 187 1108 nec
198 1047 362 1126 singillatim
373 1047 546 1128 corpuscula
557 1065 688 1128 quaeque
699 1051 814 1126 vaporis

133 1131 185 1194 sed
197 1130 347 1211 complexa
361 1142 455 1192 meant
465 1135 540 1194 inter
551 1151 584 1193 se
598 1148 710 1210 conque
722 1130 852 1209 globata;

77 1225 121 1279 155
134 1225 309 1297 quapropter
319 1216 401 1277 simul
414 1218 488 1278 inter
499 1236 532 1278 sc
542 1215 723 1277 retrahuntur
733 1225 762 1276 et
774 1226 856 1277 extra

133 1300 311 1378 officiuntur,
322 1302 363 1360 uti
375 1311 513 1380 cogantur
526 1300 632 1362 tardius
643 1302 694 1360 ire.

132 1394 160 1447 at
171 1403 244 1465 quac
255 1394 320 1447 sunt
333 1383 426 1446 solida
436 1384 588 1465 primordia
599 1382 795 1465 simplicitate,

133 1487 197 1530 oum
208 1487 261 1549 per
270 1471 352 1530 inane
363 1479 457 1530 meant
467 1488 604 1547 vacuum,
617 1488 673 1529 nec
685 1487 732 1530 101
744 1479 900 1530 remoratur

132 1551 189 1613 ulla
202 1554 289 1631 ioris,
300 1563 386 1632 atque
397 1555 459 1634 ipsa
470 1556 529 1615 suis
542 1554 696 1633 apartibus
708 1573 809 1633 unum,

75 1646 122 1702 150
131 1656 233 1716 unum,
245 1639 273 1697 in
285 1655 370 1717 quem
382 1655 508 1719 coepere
520 1638 615 1698 locum
628 1640 729 1700 conixa
740 1639 883 1716 feruntur,

133 1721 254 1801 debent,
267 1724 295 1782 ni
306 1724 421 1800 mirum,
434 1721 616 1802 praecellere
628 1722 802 1800 mobilitate,

133 1815 162 1868 et
173 1804 261 1867 multo
274 1807 356 1867 citius
368 1806 436 1867 ferri
449 1824 531 1886 quam
539 1805 644 1867 lumina
654 1805 743 1884 solis,

132 1889 338 1970 multiplexque
350 1888 408 1951 loci
418 1893 539 1971 spatium
553 1901 748 1951 transcurrere
760 1887 862 1948 eodem

89 1995 92 1998 ⁴
132 1983 261 2054 tempore
274 1992 331 2054 quo
343 1973 413 2036 solis
425 1974 596 2055 pervolgant
608 1971 720 2052 fulgura
734 1971 851 2035 caelum.

75 2067 119 2122 155
133 2055 147 2142 ΙΙ
160 2059 198 2119 dt
209 2058 321 2138 quidam
333 2067 432 2119 contra
441 2058 531 2138 baec,
545 2060 634 2139 ignari
646 2059 770 2119 materiai

133 2162 187 2205 nec
198 2143 355 2223 persectati
366 2142 518 2221 primordia
529 2142 641 2222 singula
652 2161 800 2224 quaeque,

133 2239 163 2289 ut
173 2225 288 2287 videant
299 2244 353 2306 qua
364 2227 488 2307 quicque
500 2237 617 2306 geratur
628 2245 691 2287 cum
702 2230 830 2304 ratione,

134 2322 257 2373 naturam
269 2328 325 2371 non
336 2328 444 2390 posse,
458 2311 542 2371 deum
552 2312 615 2373 sine
626 2314 754 2390 numine,
767 2323 863 2373 rentur

134 2405 209 2457 tanto
221 2412 312 2474 opere
323 2394 450 2456 humanis
466 2396 621 2457 rationibus
636 2394 816 2456 admoderate

87 2484 260 2560 lictempora
269 2487 376 2540 mutare
388 2496 538 2557 annorum,
551 2479 708 2559 frugesque
721 2498 836 2558 creare,

137 2574 164 2625 et
174 2566 229 2625 iam
242 2572 359 2641 cetera,
371 2563 497 2625 mortalis
512 2582 585 2644 quae
596 2564 695 2625 suadet
706 2563 783 2625 adire

137 2647 253 2728 ipsaque
267 2646 383 2708 deducit
393 2646 450 2708 dux
460 2649 535 2709 vitae
547 2648 592 2709 dia
601 2648 732 2729 voluptas

137 2740 163 2793 et
172 2750 220 2793 res
232 2729 420 2810 perveneris
432 2730 573 2793 blanditur
584 2732 681 2795 saecla
691 2741 869 2813 propagent,

137 2834 171 2876 10
182 2832 275 2894 genus
287 2814 400 2874 occidat
411 2814 568 2876 humanum.
582 2834 700 2896 quorum
711 2818 802 2877 onmia
815 2833 899 2877 causa

91 2900 128 2959 115
139 2900 319 2961 constituisse
331 2897 402 2960 deos
416 2917 480 2971 cum
494 2900 619 2980 lingunt,
632 2901 753 2961 omnibu’
765 2901 851 2961 rebus

138 3001 235 3062 magno
248 3000 338 3063 opere
350 3000 366 3042 a
377 3000 447 3043 vera
456 2981 529 3063 lapsi
539 2987 647 3046 ratione
658 2984 797 3045 videntur.

138 3085 197 3130 nam
209 3068 337 3148 quamvis
348 3084 443 3126 rerum
453 3069 582 3146 ignorem
591 3067 743 3149 primordia
757 3085 829 3146 quae
841 3067 913 3142 sint,

138 3151 191 3213 1100
202 3161 296 3212 tamen
312 3168 350 3210 ex
360 3152 431 3230 ipsis
444 3151 517 3212 caeli
526 3153 682 3214 rationibus
697 3153 786 3212 ausim

139 3237 302 3297 confirmare
316 3232 436 3315 aliisque
448 3254 486 3296 ex
495 3237 583 3298 rebus
594 3235 715 3296 reddere
725 3232 837 3308 multis,

63 3328 65 3333 ’
92 3320 131 3380 lit
139 3336 313 3401 nequequam
326 3319 409 3380 nobis
421 3319 552 3382 divinitus
564 3339 632 3382 esse
645 3328 768 3380 creatam

138 3400 774 3483 1111111111οε011111111110011101111.

63 3518 65 3523 v
140 3486 586 3569 quaetibiposterius,llemmi‚
599 3486 858 3569 iaciemusaperta:

63 3602 94 3845 1
858 3559 901 3624 ³*
