2288 3886
113 189 177 253 146
600 193 630 249 V

136 367 188 422 765
201 354 276 435 quod
287 355 381 416 radios
392 356 576 434 interrumpat
590 354 742 434 lumenque
754 356 921 434 profusum?

200 450 230 500 ct
242 449 335 502 tamen
346 441 409 518 ipsa
423 455 476 498 suo
488 440 512 498 si
524 439 607 517 fulgit
619 437 685 497 luna
696 441 807 517 nitore,

200 541 251 582 cur
261 531 386 600 nequeat
397 531 475 581 certa
487 521 579 581 mundi
594 522 785 599 languescere
798 533 896 603 parte,

200 606 266 665 dum
279 603 344 665 loce
355 604 505 665 luminibus
518 608 641 684 propriis
653 608 764 666 inimica
774 625 828 685 per
839 607 921 669 exit?

243 687 327 761 Quod
338 698 489 768 superest,
503 691 633 767 quoniam
642 693 735 766 magni
750 708 804 769 per
815 692 930 754 coerula
944 694 1047 754 mundi

136 781 188 836 tto
202 791 256 852 qua
269 773 330 832 fieri
343 771 477 851 quicquid
488 782 590 851 posset
601 775 709 833 ratione
721 773 847 853 resolvi,

201 855 272 916 solis
283 857 323 915 uti
335 858 429 916 varios
443 874 542 916 cursus
554 854 696 934 lunaeque
707 867 815 918 meatus

199 958 324 1000 noscere
338 957 489 1018 possemus
505 958 577 1017 qunc
587 943 630 1000 vis
643 951 673 1000 et
685 958 770 1000 causa
783 944 891 1021 cieret,

202 1041 296 1102 quove
307 1023 391 1084 modo
399 1032 524 1102 possent
538 1023 645 1084 oliecto
658 1023 762 1085 lumine
775 1025 856 1085 obire

201 1117 230 1168 et
241 1126 336 1185 neque
348 1110 486 1187 opinantis
499 1106 626 1167 tenebris
640 1107 785 1169 obducere
800 1119 909 1188 terras,

135 1199 186 1254 775
199 1209 263 1250 cum
278 1193 358 1270 quasi
371 1194 503 1251 conivent
515 1200 544 1250 et
556 1201 655 1269 aperto
667 1189 771 1252 lumine
784 1210 894 1253 rursum

200 1277 292 1335 omnia
303 1276 452 1335 convisunt
464 1273 538 1334 clara
549 1272 614 1334 loca
626 1274 742 1334 candida
752 1274 836 1353 luce,

198 1377 273 1418 nunc
286 1357 375 1418 redeo
390 1358 424 1417 ad
435 1357 528 1417 mundi
540 1360 693 1417 novitatem
705 1367 734 1418 et
745 1358 841 1419 mollia
854 1369 950 1422 terrae

198 1460 281 1518 arva,
294 1458 368 1500 novo
381 1441 441 1500 fetu
453 1440 520 1519 quid
531 1444 649 1520 primum
664 1443 692 1500 in
702 1440 812 1503 luminis
825 1461 889 1504 oras

198 1525 302 1586 tollere
317 1534 346 1583 et
358 1526 474 1584 incertis
488 1527 593 1584 crerint
606 1527 782 1586 committere
793 1529 896 1588 ventis.

135 1618 187 1674 780
242 1608 384 1686 Principio
398 1626 489 1685 genus
500 1607 650 1668 herbarum
661 1609 836 1688 viridemque
847 1612 969 1671 nitorem

197 1703 273 1753 terra
289 1691 365 1751 dedit
377 1693 482 1751 circum
497 1691 580 1752 collis
594 1710 767 1771 camposque
778 1711 831 1771 per
845 1696 953 1772 omnis,

199 1776 298 1836 llorida
309 1775 449 1835 iulserunt
462 1775 591 1836 viridanti
605 1786 684 1855 prato
696 1777 812 1855 colore,

199 1860 405 1938 arboribusque
419 1859 540 1920 datumst
550 1863 635 1920 variis
648 1860 751 1920 exinde
764 1878 817 1938 per
827 1879 910 1922 auras

199 1943 349 2004 crescendi
360 1961 490 2021 magnum
501 1945 622 2005 inmissis
636 1953 779 2004 certamen
793 1944 922 2005 habenis.

135 2037 185 2091 785
199 2037 230 2086 ut
242 2027 336 2105 plume
347 2035 431 2105 atque
444 2026 493 2104 pili
507 2030 624 2105 primurn
636 2037 791 2106 saetaeque
804 2037 936 2089 creantur
1031 2039 1033 2042 ’

199 2108 400 2189 quadripedum
411 2111 544 2170 membris
557 2120 585 2169 et
601 2127 723 2188 corpore
734 2113 986 2191 pennipotentum,

198 2196 241 2253 sic
252 2210 325 2252 nova
337 2201 394 2251 turn
406 2191 493 2252 tellus
505 2193 607 2253 herbas
619 2192 798 2273 virgultaque
811 2197 930 2273 primum

197 2275 327 2354 sustulit,
340 2277 405 2336 inde
417 2275 474 2336 loci
490 2277 615 2337 mortalia
626 2276 723 2338 saecla
734 2281 842 2339 creavit

196 2361 283 2421 multa
294 2360 385 2421 modis
396 2361 492 2420 multis
504 2364 579 2421 varta
590 2363 699 2422 ratione
713 2371 819 2421 coorta.

134 2453 185 2508 too
197 2465 261 2507 nam
270 2463 365 2523 neque
378 2444 413 2504 de
426 2444 508 2506 caelo
522 2445 664 2505 cecidisse
679 2444 805 2504 animalia
818 2455 957 2524 possunt,

196 2549 251 2589 nec
262 2530 410 2589 terrestria
421 2527 456 2586 de
469 2527 552 2589 salsis
565 2531 662 2589 exisse
675 2527 798 2588 lacunis:

197 2611 333 2690 linquitur
347 2621 377 2671 ut
388 2613 487 2670 merito
500 2621 655 2671 maternum
664 2629 767 2672 nomen
779 2611 881 2691 adepta

197 2703 273 2755 terra
288 2697 341 2771 sit,
354 2713 371 2753 e
384 2703 458 2753 terra
472 2696 601 2772 quoniam
612 2705 676 2755 sunt
692 2705 793 2756 cuncta
805 2705 909 2756 creata.

197 2776 340 2856 multaque
355 2795 429 2836 nunc
442 2780 525 2836 etiam
538 2781 662 2839 existunt
676 2778 802 2838 animalia
815 2781 916 2857 terris,

133 2870 184 2925 795
197 2862 332 2922 imbribus
348 2870 377 2921 ct
390 2860 481 2921 calido
494 2861 564 2922 solis
577 2873 710 2923 concreta
722 2881 843 2941 vapore;

198 2964 254 3025 quo
269 2948 358 3005 minus
372 2955 416 3005 est
427 2947 541 3024 mirum,
558 2948 582 3006 si
594 2956 651 3007 tum
664 2956 727 3006 sunt
739 2947 820 3024 plura
832 2955 931 3007 coorta

197 3040 226 3090 et
237 3032 357 3107 maiora,
371 3047 443 3089 nova
456 3029 560 3090 tellure
572 3039 658 3108 atque
670 3030 787 3090 aethere
799 3029 902 3089 adulta.

197 3116 336 3193 principio
347 3133 439 3191 genus
451 3113 565 3173 alituum
577 3115 728 3191 variaeque
741 3113 876 3174 volucres

198 3215 251 3258 ova
261 3198 459 3276 relinquebant
471 3196 607 3258 exclusae
619 3207 747 3275 tempore
761 3215 870 3275 vomo,

132 3292 185 3344 800
196 3280 341 3342 lolliculos
354 3292 384 3342 ut
400 3300 474 3341 nunc
485 3282 585 3341 teretis
597 3290 706 3340 aestate
719 3281 834 3341 cicadae

196 3363 303 3424 lincunt
318 3375 421 3444 sponte
432 3383 482 3425 sua
493 3366 599 3424 victum
608 3366 751 3442 vitamque
764 3373 908 3445 petentes.

195 3459 252 3509 tum
263 3449 313 3507 tibi
324 3457 400 3509 terra
410 3448 486 3509 dedit
498 3451 603 3527 passim
614 3446 741 3508 mortalia
752 3447 857 3510 saecla.
