2288 3886
122 177 164 245 76
471 269 476 277 .
606 173 646 234 lll

205 347 312 409 addere
324 347 400 407 enim
410 345 499 422 partis
508 352 556 403 aut
569 342 667 403 ordine
677 343 818 402 traiecere
832 350 961 402 aecumst

205 441 253 492 aut
264 428 371 510 aliquid
382 445 499 506 prosum
511 427 547 487 do
559 444 666 487 summa
677 425 828 486 detrahere
839 424 943 502 hilum,

208 522 382 576 commutare
391 514 512 572 animum
524 511 694 589 quicumque
706 508 832 569 adoritur
843 519 873 569 et
884 509 943 569 iniit

205 607 252 660 aut
263 595 346 656 aliam
358 597 485 676 quarnvm
497 603 624 654 naturam
638 593 758 654 flectere
770 594 889 672 quaerit.

144 692 194 746 515
208 691 236 743 at
248 698 342 759 neque
357 679 503 742 transferri
515 678 570 740 sibi
582 679 670 756 partis
682 696 736 737 nec
747 678 831 737 tribui
842 676 904 736 vult

206 762 354 825 inmortale
370 763 446 843 quod
459 772 504 823 est
516 764 667 840 quicquam
678 778 773 840 neque
787 760 915 822 defluere
927 760 1030 822 lrilum:

206 866 271 910 nam
283 847 482 926 quodnamque
494 847 553 906 suis
564 853 699 904 mutatum
711 846 813 906 finibus
825 847 900 922 exit,

209 933 343 994 continno
356 930 413 991 hoc
427 947 505 991 mors
522 937 567 991 est
578 927 655 990 illius
667 929 743 1007 quod
756 929 807 990 fuit
819 939 895 991 ante.

208 1034 279 1094 ergo
290 1017 399 1076 animus
414 1018 475 1075 sive
487 1014 649 1091 aegrescit,
661 1012 789 1074 mortalia
801 1015 883 1091 signa

142 1111 195 1164 520
209 1101 310 1178 mittit,
325 1102 366 1160 uti
381 1098 483 1175 docui,
496 1116 549 1159 seu
564 1096 688 1156 flectitur
699 1114 715 1156 a
726 1096 875 1158 medicina.

208 1203 299 1264 nsque
311 1185 384 1246 adeo
396 1183 485 1244 falsae
500 1183 601 1241 rationi
611 1198 680 1240 vera
691 1181 805 1241 videtur

207 1287 256 1330 res
271 1285 427 1329 occurrere
443 1275 472 1326 et
484 1265 621 1343 effugium
631 1264 821 1344 praecludere
836 1267 930 1343 eunti,

206 1353 381 1431 ancipitique
396 1351 520 1410 refutatu
532 1350 705 1412 convincere
717 1349 828 1409 falsum.

249 1435 381 1514 Denique
393 1452 482 1512 saepe
493 1433 635 1493 hominem
646 1432 780 1512 paulatim
791 1435 932 1493 cernimus
947 1435 990 1494 ire

142 1529 193 1584 625
208 1529 238 1580 et
253 1520 428 1580 membratim
441 1516 557 1577 vitalem
567 1516 728 1596 deperdere
739 1536 868 1586 sensum;

206 1606 235 1664 in
249 1603 371 1683 pedibus
383 1604 503 1681 primum
515 1602 620 1679 digitos
631 1598 776 1662 livescere
789 1611 818 1662 et
828 1603 948 1680 unguis,

206 1687 272 1748 inde
284 1685 376 1766 pedes
389 1695 419 1746 et
434 1703 516 1746 crura
530 1687 619 1763 mori,
635 1695 702 1764 post
712 1686 777 1746 inde
789 1704 843 1765 per
859 1695 936 1747 artus

205 1775 248 1832 ire
261 1771 334 1832 alios
345 1772 458 1831 tractim
469 1770 557 1848 gelidi
568 1772 690 1847 vestigia
704 1769 764 1830 leti.

207 1856 345 1918 scinditur
354 1873 448 1934 aeque
462 1858 571 1915 animae
586 1854 659 1915 haec
672 1856 803 1931 quoniam
813 1864 910 1915 natura
922 1874 977 1915 nec
989 1873 1049 1917 uno

142 1951 194 2005 530
208 1950 339 2019 tempore
351 1942 462 2001 sincera
479 1941 594 2015 existit,
607 1938 734 2000 mortalis
747 1938 913 2000 habendast.

206 2024 283 2103 quod
298 2026 322 2084 si
334 2023 409 2083 forte
420 2033 503 2100 putas
514 2025 605 2100 ipsam
616 2041 649 2082 se
660 2039 749 2100 posse
760 2040 814 2100 per
824 2032 901 2084 artus

205 2111 343 2167 introsum
356 2105 468 2165 trahere
480 2115 509 2165 et
520 2106 607 2183 partis
623 2104 787 2166 conducere
798 2107 826 2166 in
837 2125 922 2166 unum

205 2200 290 2268 atque
302 2189 368 2249 ideo
380 2191 491 2249 cunctis
502 2207 618 2251 sensum
629 2189 773 2250 deducere
785 2192 937 2269 membris,

205 2284 234 2334 at
244 2273 328 2334 locus
338 2272 388 2334 ille
402 2283 514 2351 tamen,
530 2290 587 2354 quo
600 2276 683 2354 copia
694 2283 769 2335 tanta
783 2276 884 2334 animai

143 2369 194 2423 535
207 2359 336 2436 cogitur,
349 2360 378 2418 in
389 2377 476 2420 sensu
487 2359 575 2420 debet
588 2361 695 2419 maiore
706 2358 813 2428 videri;

206 2445 253 2523 qui
267 2446 398 2521 quoniam
409 2453 591 2521 nusquamst,
603 2445 747 2520 nimirum,
760 2452 790 2503 ut
803 2444 924 2504 diximus
936 2453 1019 2523 cate,

205 2526 335 2589 dilaniata
349 2527 426 2588 foras
438 2528 627 2607 dispargitur,
641 2529 738 2587 interit
752 2544 832 2606 ergo.

207 2612 274 2691 quin
288 2613 373 2671 etiam
388 2613 412 2672 si
426 2613 481 2670 iam
493 2610 582 2670 libeat
595 2611 758 2670 concedere
773 2611 892 2689 falsum,

205 2705 234 2756 et
249 2693 317 2754 darc
331 2710 419 2771 posse
429 2694 549 2753 animam
560 2691 714 2771 glomerari
725 2696 753 2753 in
766 2713 889 2775 corpore
902 2714 1018 2775 eorum,

142 2788 194 2842 540
208 2779 312 2838 lumina
323 2778 371 2855 qni
384 2776 491 2837 lincunt
506 2777 663 2838 moribundi
680 2778 885 2858 particulatim,

205 2858 354 2923 mortalem
366 2868 460 2920 tamen
475 2879 543 2923 esse
554 2862 673 2922 animam
685 2863 794 2924 fateare
810 2882 951 2940 necesse,

206 2964 261 3006 uec
272 2943 362 3004 refert
373 2955 466 3005 utrum
480 2956 579 3025 pereat
591 2945 721 3026 dispersa
734 2965 787 3024 per
801 2964 883 3008 auras

204 3049 239 3091 an
255 3038 400 3090 contracta
415 3031 503 3090 suise
519 3032 646 3110 partibus
660 3032 863 3108 obbrutescat,

205 3113 316 3193 quando
328 3112 470 3174 hominem
480 3123 569 3174 toturn
580 3117 671 3192 magis
684 3133 718 3175 55
732 3117 823 3193 magis
835 3115 957 3196 undique
972 3135 1077 3180 sensus

141 3207 192 3260 545
207 3199 303 3258 delicit
318 3206 347 3257 et
362 3200 436 3259 vitae
448 3200 539 3260 minus
554 3209 582 3260 et
594 3201 685 3260 minus
696 3199 819 3280 undique
831 3210 929 3262 restat.

247 3281 283 3341 Et
299 3283 430 3360 quoniam
444 3301 532 3344 mens
541 3293 586 3343 est
601 3282 721 3351 hominis
735 3301 802 3362 pars
814 3303 883 3361 nna,
896 3283 963 3346 loco
976 3303 1050 3366 quae

206 3367 259 3426 fixa
271 3376 365 3427 manet
380 3375 477 3444 certo,
490 3366 569 3427 velut
580 3385 665 3427 aures
675 3377 761 3446 atque
776 3368 854 3429 oculi
864 3378 928 3429 sunt

203 3460 288 3530 atque
302 3449 349 3509 alii
360 3469 463 3512 555555
478 3453 526 3530 qui
537 3453 622 3512 vitam
637 3469 759 3532 eumque
773 3454 949 3532 gubernant,
