2288 3886
114 155 177 222 loo
590 156 629 218 Vl

199 341 293 384 noenu
308 325 346 383 ita
357 322 404 384 det
419 341 536 402 parrum
548 325 671 383 sonitum
683 322 810 401 displosa
822 333 955 403 repente.

240 405 293 467 Est
309 409 393 466 etiam
402 409 490 483 ratio,
504 425 568 466 cum
578 409 656 466 venti
667 405 762 466 nubila
774 406 910 485 perflant,

200 497 229 548 ut
241 492 348 550 sonitus
360 489 477 549 faciant:
493 492 597 549 etenim
608 507 718 550 ramosa
732 491 861 550 videmus

198 571 294 631 nubila
305 590 393 651 saepe
404 572 495 633 modis
506 573 600 635 multis
612 583 697 650 atque
710 591 812 651 aspera
823 573 892 632 ferri
899 595 907 642 ;

138 665 187 717 135
202 654 332 732 seilicet,
348 665 394 732 ut,
409 657 537 716 crebram
549 655 648 716 silvam
663 675 725 715 oum
736 656 846 716 flamina
861 659 939 716 cauri

199 737 332 816 perflant,
346 739 410 800 dant
421 742 541 799 sonitum
551 739 667 800 frondes
679 743 804 818 ramique
816 739 971 817 fragorem.

199 822 228 881 lit
240 839 354 900 quoque
368 831 397 882 ut
411 822 550 883 interdum
562 822 647 882 validi
658 826 701 882 vis
716 825 799 882 incita
810 825 888 883 venti

201 905 363 982 perscindat
374 907 479 966 nubem
490 905 671 984 perfringens
682 909 787 985 impete
799 915 895 967 recto:

198 1005 262 1047 nam
274 989 341 1066 quid
351 991 444 1069 possit
458 990 496 1049 ibi
508 989 589 1050 flatus
602 990 749 1050 manifesta
761 989 845 1050 docet
857 1009 925 1067 res,

137 1080 187 1135 140
198 1071 260 1148 bic,
278 1073 325 1132 ubi
337 1074 429 1132 leuior
441 1082 502 1149 est,
516 1075 543 1131 in
555 1082 629 1132 terra
646 1093 709 1132 oum
721 1084 814 1134 tamen
827 1072 880 1134 alta

197 1155 311 1215 arbusta
324 1156 462 1216 evolvens
474 1155 615 1217 radicibus
627 1158 716 1217 haurit
728 1158 764 1216 ab
775 1159 845 1216 imis.

198 1247 263 1300 sunt
273 1242 356 1299 etiam
368 1240 470 1300 duetus
483 1257 535 1316 per
546 1239 657 1317 nubila,
673 1244 720 1320 qui
731 1243 810 1318 quasi
822 1258 948 1299 murmur
1028 1314 1032 1321 Ι

199 1323 263 1382 dant
275 1324 302 1381 in
315 1322 471 1400 frangendo
483 1327 621 1400 graviter:
634 1323 710 1403 ‘luod
721 1325 788 1382 item
803 1325 832 1383 iit
843 1325 870 1382 in
880 1322 947 1383 altis

199 1406 357 1466 fluminibus
370 1425 529 1484 magnoque
541 1409 624 1484 mari,
639 1425 702 1467 cum
714 1406 852 1484 frangitur
862 1416 968 1467 aestus.

136 1499 186 1552 115
197 1488 225 1548 id
238 1507 368 1566 quoque,
383 1491 430 1548 ubi
442 1509 459 1549 e
471 1490 537 1548 nubi
548 1492 576 1548 iu
587 1491 691 1551 nubem
703 1492 746 1551 vis
758 1490 854 1550 incidit
865 1490 968 1551 ardens

199 1572 339 1649 fulminis,
354 1573 425 1632 baec
438 1572 525 1631 multo
537 1576 561 1632 si
575 1573 650 1633 forte
661 1591 760 1633 umore
774 1577 887 1653 recepit

197 1657 309 1732 ignem,
323 1657 455 1715 continuo
466 1674 568 1734 magno
580 1655 705 1716 clamore
717 1658 851 1726 trucidat3

197 1748 228 1798 ut
244 1737 341 1798 calidis
354 1739 476 1799 candens
488 1739 621 1799 ferrume
634 1740 795 1800 fornacibus
809 1740 875 1800 olim

199 1823 306 1900 stridit,
322 1823 370 1882 ubi
382 1825 409 1882 in
421 1822 547 1901 gelidum
560 1842 683 1903 propere
697 1824 881 1884 demersimus
895 1825 1024 1886 imbrem

134 1918 186 1968 150
198 1906 300 1966 aridior
313 1924 398 1985 porro
410 1910 435 1968 si
446 1907 537 1968 nubes
549 1909 653 1986 accipit
664 1909 776 1984 ignem,

197 1993 286 2050 uritur
298 1993 406 2067 ingenti
418 1994 511 2052 sonitu
523 2009 663 2053 succensa
674 1999 809 2070 repente;

199 2073 370 2134 lauricomos
385 2083 415 2134 ut
427 2076 451 2134 si
462 2092 516 2153 per
527 2075 630 2133 montis
642 2074 749 2134 lamma
760 2083 880 2151 vagetur

197 2158 308 2216 turbine
318 2166 467 2217 ventorum
481 2157 650 2217 comburens
665 2160 771 2237 impete
783 2175 900 2236 magno:

196 2258 252 2300 neo
263 2258 310 2300 res
323 2239 379 2299 ulla
390 2243 479 2319 magis
491 2259 572 2319 quam
584 2240 691 2301 Phoebi
705 2241 847 2320 Delphica
862 2240 958 2302 laurus

134 2333 185 2386 155
199 2323 318 2385 terribili
330 2327 424 2384 sonitu
435 2325 543 2384 flamma
557 2327 713 2403 crepitante
727 2333 874 2385 crematur.

196 2407 319 2487 denique
332 2427 421 2487 saepe
433 2396 497 2487 geli
506 2407 609 2469 multus
621 2409 718 2486 fragor
730 2417 815 2487 atque
825 2411 904 2468 ruina

196 2492 339 2570 grandinis
351 2495 378 2552 in
389 2494 498 2570 magnis
511 2495 633 2553 sonitum
646 2493 691 2553 dat
703 2491 824 2553 nubibus
835 2492 907 2552 alte:

196 2585 298 2636 ventus
312 2578 462 2635 enimcum
478 2575 634 2652 conferrit,
648 2576 813 2653 franguntur
827 2578 855 2634 in
866 2584 926 2634 arto

198 2661 324 2718 concreti
336 2668 446 2718 montes
457 2659 613 2718 nimborum
625 2669 654 2719 et
665 2660 800 2737 grandine
811 2660 898 2718 mixti.

135 2751 185 2806 160
237 2741 331 2818 Fulgit
342 2744 426 2818 item,
442 2742 532 2800 nubes
547 2744 620 2819 ignis
634 2762 697 2803 cum
709 2745 816 2803 semina
826 2741 913 2800 multa

196 2842 352 2887 excussere
364 2842 416 2885 suo
429 2842 584 2894 concursu;
600 2844 654 2885 ceu
665 2825 786 2906 lapidem
797 2827 823 2885 si

195 2911 335 2987 percutiat
346 2907 418 2987 lapis
429 2919 475 2969 aut
487 2908 607 2969 ferrum:
618 2928 681 2969 nam
693 2920 751 2970 tum
763 2927 877 2988 quoque
888 2908 986 2968 lumen

196 2992 275 3053 exilit
286 3002 315 3053 et
327 2990 417 3054 claras
429 2993 565 3053 scintillas
576 2992 693 3070 dissipat
703 2995 785 3072 iguis.

196 3077 248 3137 sed
259 3079 391 3137 tonitrum
403 3078 432 3136 frt
447 3080 485 3136 uti
498 3087 564 3155 post
578 3077 692 3137 auribus
703 3078 893 3155 accipiamus,

135 3170 182 3224 165
195 3159 308 3237 fulgere
320 3179 403 3239 quam
415 3170 531 3220 cernant
543 3160 636 3235 oculi,
654 3162 719 3238 quia
732 3178 847 3238 semper
859 3159 894 3218 ad
909 3161 987 3221 auris

195 3243 300 3304 tardius
312 3242 462 3304 adveniunt
475 3263 556 3323 quam
567 3246 658 3303 visum
673 3261 744 3321 quae
756 3252 887 3303 moveant
898 3262 954 3303 res.

195 3326 223 3385 id
235 3326 303 3387 lieet
315 3327 380 3388 hino
392 3331 475 3387 etiam
488 3345 675 3404 cognoscere.
689 3326 811 3387 caedere
822 3327 846 3386 si
861 3344 945 3404 quern

195 3411 312 3489 ancipiti
321 3411 419 3471 videas
430 3410 507 3471 ferro
519 3411 618 3489 procul
634 3410 743 3471 arboris
755 3420 884 3488 auctum,
