2288 3886
91 181 153 248 170
572 173 611 235 Vl

174 346 248 424 ignis
259 344 384 404 babere:
398 342 503 401 etenim
516 357 579 400 eum
591 349 656 401 sunt
667 358 765 401 umore
776 342 838 403 sine
849 340 929 417 ullo,

174 430 318 489 fammeus
330 434 375 487 cst
386 424 555 504 plerumque
568 423 650 484 colos
662 434 691 485 et
703 424 869 504 splendidus
880 423 965 489 ollis.

174 514 241 590 quin
257 512 341 571 etiam
352 508 422 569 solis
435 508 471 569 de
483 506 587 567 lumine
598 507 685 568 multa
698 517 852 570 necessest

109 607 162 658 210
174 596 345 674 concipere,
357 602 387 652 ut
399 593 500 652 merito
511 590 629 651 rubeant
641 593 782 670 ignesque
792 591 975 672 profundant.

174 678 262 739 hasce
272 679 359 755 igitur
371 694 434 736 cum
447 682 547 735 ventus
559 692 648 751 agens
660 677 798 737 contrusit
808 678 836 737 in
847 693 933 735 unum

176 761 404 841 compressitque
416 759 512 819 locum
523 775 650 836 cogens,
664 777 804 838 expressa
816 757 993 841 profundunt

177 847 300 920 semina,
312 860 384 922 quae
396 841 502 903 faciunt
514 840 639 901 flammae
651 841 763 919 fulgore
776 842 901 904 colores.

177 927 261 1005 fulgit
272 929 356 1003 item,
374 944 436 986 cum
450 935 598 986 rarescunt
613 942 728 1004 quoque
739 925 835 986 nubila
846 924 928 987 caeli.

107 1021 160 1073 215
172 1031 234 1071 nam
247 1029 311 1071 oum
323 1019 426 1070 ventus
438 1027 487 1070 eas
499 1008 603 1069 leviter
614 1008 720 1069 diducit
732 1012 824 1071 euntis

177 1094 381 1173 dissoluitque,
396 1091 495 1153 cadant
506 1094 624 1169 ingratis
635 1091 684 1152 illa
694 1103 847 1154 necessest

174 1180 280 1239 semina
293 1195 366 1257 quae
380 1176 486 1236 faciunt
497 1174 654 1253 fulgorem:
665 1185 723 1236 tum
734 1179 796 1237 sine
811 1186 904 1237 taetro

175 1271 285 1322 terrore
297 1270 326 1321 ct
341 1261 435 1321 sonitu
447 1259 530 1337 fulgit
541 1258 678 1336 nulloque
690 1258 818 1321 tumultu.

218 1344 301 1417 Quod
312 1354 462 1422 superest,
476 1346 667 1421 proclinatum
682 1342 808 1422 praedita
820 1352 954 1405 constent

111 1437 164 1489 220
176 1427 306 1505 fulmina,
319 1427 463 1488 declarant
475 1430 533 1488 ictu
545 1428 606 1487 eius
618 1429 709 1487 inusta
719 1430 833 1506 vaporis

176 1513 256 1588 signa
266 1520 408 1589 notaeque
422 1511 517 1587 gravis
529 1510 647 1570 balantis
659 1510 783 1590 sulpuris
794 1528 891 1571 auras:

176 1596 249 1670 ignis
262 1594 335 1653 enim
346 1602 411 1653 sunt
423 1593 497 1653 haec
511 1611 568 1653 non
579 1596 656 1653 venti
667 1596 748 1672 signa
758 1612 853 1673 neque
865 1596 974 1657 imbris.

175 1686 325 1756 praeterea
337 1694 426 1756 saepo
437 1677 597 1737 accendunt
608 1694 723 1756 quoque
735 1688 812 1740 tecta
822 1677 972 1739 domomm

176 1770 205 1821 et
218 1759 307 1821 celeri
318 1761 424 1821 flamma
437 1760 611 1821 dominantur
620 1764 648 1820 in
659 1761 776 1823 aedibus
789 1764 869 1841 ipsis.

109 1853 161 1906 225
173 1845 249 1904 bunc
259 1845 311 1906 tibi
321 1844 455 1906 subtilem
467 1847 637 1923 cumprimis
650 1846 762 1921 ignibus
774 1848 870 1924 ignem

176 1930 320 1989 constituit
331 1938 427 1989 natura
439 1930 550 1989 minutis
561 1928 770 2007 mobilibusque

176 2013 364 2090 corporibus,
379 2013 424 2072 cui
433 2011 473 2070 nil
483 2012 595 2071 omnino
607 2012 750 2073 obsistere
761 2015 862 2091 possit.

176 2098 273 2155 transit
286 2098 360 2156 enim
370 2093 492 2154 ualidum
503 2093 609 2154 fulmen
623 2096 688 2174 [per
699 2105 782 2175 septa
793 2096 940 2157 domorum

177 2176 283 2236 clamor
296 2186 324 2237 ut
334 2195 369 2237 ac
380 2193 470 2238 voces
482 2178 592 2256 transit]
607 2197 660 2256 per
671 2197 755 2257 saxa,
768 2197 821 2259 per
831 2198 907 2241 aera.

110 2268 162 2321 230
178 2269 207 2319 et
218 2259 353 2338 liquidum
364 2271 471 2340 puncto
482 2261 550 2322 facit
561 2279 611 2323 aes
621 2265 650 2322 in
661 2272 790 2343 tempore
802 2273 832 2324 ct
842 2282 957 2342 aurum,

177 2352 254 2403 curat
265 2346 332 2405 item
342 2353 376 2417 ut
385 2346 461 2406 vasis
473 2346 592 2423 integris
604 2349 668 2405 rina
676 2356 798 2426 repente

175 2427 336 2506 diffugiant,
350 2431 430 2507 quia,
444 2430 587 2508 nimirum,
600 2429 685 2490 focile
697 2432 789 2491 omnia
801 2433 909 2494 circum

176 2512 306 2572 conlaxat
317 2530 438 2590 rareque
449 2512 517 2573 facit
529 2511 691 2574 lateramina
700 2516 777 2576 vasis

175 2594 329 2656 adveniens
342 2597 421 2655 calor
433 2599 512 2672 eius,
525 2605 554 2657 et
566 2598 720 2658 insinuatus
731 2600 759 2657 in
771 2599 863 2676 ipsum

110 2684 161 2737 235
175 2677 319 2737 mobiliter
329 2677 447 2739 soluens
459 2678 552 2739 differt
563 2680 714 2758 primordia
724 2683 790 2741 vini.

174 2760 250 2837 quod
262 2760 332 2820 solis
344 2779 433 2839 vapor
443 2771 563 2822 aetatem
574 2782 631 2824 non
648 2782 737 2844 posse
749 2764 862 2825 ridetur

174 2841 293 2903 efficere
304 2862 396 2922 usque
408 2845 479 2906 adeo
492 2846 605 2924 pollens
617 2847 733 2908 fervore
749 2865 883 2911 corusco.

174 2935 250 2986 tanto
262 2926 394 2988 mobilior
405 2931 448 2991 ris
463 2939 492 2991 et
507 2929 691 2992 dominantior
702 2931 775 2992 baec
788 2942 843 2993 est.

215 3009 297 3071 Nunc
308 3029 343 3071 ea
354 3030 411 3090 quo
423 3023 508 3091 pacto
522 3017 673 3092 gignantur
683 3025 713 3075 et
722 3016 829 3101 impete
843 3024 922 3076 tanto

108 3100 161 3154 240
172 3095 237 3153 bant
248 3104 278 3154 ut
289 3097 400 3173 possint
411 3098 470 3157 ictu
481 3097 643 3158 discludere
655 3100 756 3177 turris,

173 3175 330 3238 disturbare
343 3178 458 3257 domos,
471 3180 597 3242 euellere
609 3184 685 3259 tigna
696 3182 870 3261 trabesque,

173 3269 202 3319 et
213 3260 333 3321 lamenta
344 3264 434 3322 virum
446 3264 601 3324 commoliri
613 3274 697 3345 atque
711 3267 806 3343 ciere,

172 3344 330 3405 exanimare
341 3343 486 3424 bomines,
498 3347 628 3427 pecudes
639 3359 824 3427 prosternere
836 3350 960 3429 passim,

173 3433 270 3486 cetera
281 3426 317 3487 de
329 3446 437 3506 genere
449 3428 506 3490 boc
518 3450 571 3511 qua
583 3433 611 3490 vi
623 3431 720 3494 facere
734 3435 826 3493 omnia
836 3435 968 3512 possint,
