2288 3886
121 207 163 272 56
606 206 634 266 ll

208 390 312 435 sensus
323 383 388 434 ante
400 374 490 452 ipsam
500 374 624 451 genitam
636 380 760 432 naturam
772 371 936 449 animantis,

207 457 236 517 ni
246 458 363 535 mirum,
376 459 441 536 quia
453 458 585 517 materies
598 456 717 517 disiecta
730 464 844 516 tenetur

145 549 199 604 940
209 547 295 619 altre,
310 540 484 618 fluminibus,
497 542 597 617 terris,
611 539 765 618 aethraque
782 540 903 617 creatis,

209 643 265 686 noc
277 642 434 703 congressa
449 624 532 684 modo
541 623 634 684 vitalis
648 625 852 684 convenientes

211 708 329 770 contulit
341 711 415 770 inter
426 729 458 770 sc
470 718 580 786 motus,
593 708 695 788 quibus
707 709 893 768 omnicientes

210 796 327 854 accensi
339 813 441 854 sensus
453 795 620 853 animantem
633 811 773 872 quamque
785 800 907 852 tuentur.

252 878 404 938 Praeterea
414 878 540 957 quamvis
552 879 718 948 animantem
730 876 862 953 grandior
873 878 949 936 ictus

146 969 199 1024 945
212 980 295 1042 quam
306 964 411 1041 patitur
421 970 534 1038 natura,
548 971 668 1040 repente
682 960 789 1038 adfligit
802 969 831 1020 et
843 962 932 1020 omnis

212 1048 340 1125 corporis
355 1055 440 1125 atque
455 1047 537 1105 animi
548 1047 644 1124 pergit
656 1043 830 1105 confundere
843 1062 957 1104 sensus.

211 1129 404 1191 dissoluuntur
416 1132 490 1190 enim
504 1132 649 1208 positurae
666 1130 884 1208 principiorum,

212 1223 241 1275 et
255 1216 368 1294 penitus
379 1224 472 1274 motus
483 1213 585 1274 vitales
598 1213 795 1292 inpediuntur,

212 1300 304 1359 donec
316 1300 466 1375 materies,
482 1300 571 1357 omnis
587 1315 727 1359 concussa
739 1316 792 1376 per
805 1306 898 1374 anus,

147 1392 200 1446 950
213 1383 307 1443 vitalis
321 1384 429 1442 animae
441 1381 560 1442 nodosa
576 1399 697 1460 corpore
711 1381 796 1442 solvit

212 1467 427 1545 dispersamque
439 1464 516 1526 loras
531 1484 585 1544 per
599 1466 695 1527 caulas
708 1467 794 1526 eiecit
806 1467 911 1525 omnis:

211 1569 275 1610 nam
287 1550 353 1629 quid
367 1559 516 1628 praeterea
527 1550 625 1610 lacere
639 1552 725 1610 ictum
738 1567 826 1629 posse
838 1567 950 1609 reamur

212 1633 355 1711 oblatum,
369 1635 423 1694 nisi
436 1634 579 1694 discutere
591 1651 625 1693 ac
638 1633 798 1696 dissolvere
810 1629 965 1713 quaeque?

213 1720 242 1778 lit
255 1735 370 1797 quoque
382 1719 421 1777 uti
433 1717 545 1778 soleant
558 1720 648 1779 minus
664 1718 760 1778 oblato
775 1719 879 1778 acriter
889 1720 948 1778 ictu
1040 1744 1041 1748 ¹

147 1813 199 1866 955
210 1802 314 1883 reliqtii
325 1813 417 1863 motus
429 1801 522 1863 vitalis
534 1804 650 1864 vincere
662 1822 770 1882 saepe,

211 1890 346 1965 vincere,
360 1897 389 1947 et
400 1889 523 1964 ingentis
535 1885 637 1965 plagae
650 1888 752 1947 sedare
764 1885 915 1964 tumultus,

212 1973 297 2051 inque
310 1988 378 2032 suos
391 1972 524 2049 quicquid
536 1990 633 2031 rursus
644 1989 782 2031 revocare
798 1980 925 2048 meatus,

213 2065 242 2115 et
256 2057 335 2133 quasi
350 2057 404 2113 iam
415 2053 466 2113 leti
482 2050 670 2115 dominantem
685 2056 714 2113 in
726 2071 848 2133 corpore
860 2065 966 2114 motum

213 2139 375 2215 discutere,
391 2155 424 2196 ac
436 2156 528 2216 paene
540 2139 659 2198 amissos
674 2138 835 2199 accendere
850 2158 967 2199 sensus:

149 2231 202 2286 960
211 2241 275 2281 nam
288 2240 375 2301 quare
387 2224 482 2300 potius
493 2221 544 2281 leti
557 2224 611 2281 iam
624 2221 718 2282 limine
731 2223 765 2282 ab
779 2225 844 2301 ipso

212 2305 247 2366 ad
258 2308 344 2366 vitam
354 2307 447 2384 possit
459 2305 590 2366 conlecta
603 2316 697 2367 mente
708 2309 832 2383 reverti,

213 2407 363 2470 quamquo
377 2389 527 2451 decursum
538 2409 630 2470 prope
642 2393 696 2451 iam
708 2394 763 2452 sict
774 2393 815 2450 ire
828 2399 856 2450 et
867 2391 945 2451 abire
953 2387 971 2449 ‘l'
1074 2416 1080 2433 ·

212 2485 384 2554 propterea,
398 2476 529 2554 quoniam
541 2475 623 2534 dolor
637 2485 699 2553 est,
713 2477 760 2535 ubi
771 2477 896 2535 materiai

213 2561 371 2636 corporari
384 2559 502 2637 quadam
513 2577 566 2637 per
579 2561 691 2620 viscera
702 2562 765 2619 viva
776 2578 829 2638 per
840 2568 915 2619 artus

148 2652 199 2706 965
211 2642 364 2704 sollicitata
375 2644 435 2703 suis
447 2642 588 2720 trepidant
599 2644 627 2701 in
639 2643 755 2703 sedibus
769 2645 862 2721 intus,

213 2729 299 2804 inque
311 2725 407 2784 locum
419 2725 530 2804 quando
544 2727 712 2805 remigraut,
726 2728 756 2787 lit
766 2726 868 2787 blanda
878 2726 1034 2806 voluptas,

213 2813 288 2870 scire
301 2807 371 2870 licet
381 2808 460 2868 nullo
472 2809 622 2889 primordia
633 2829 721 2889 posse
734 2810 833 2871 dolore

213 2894 343 2971 temptari
354 2892 515 2973 nullamque
529 2894 705 2973 voluptatem
720 2914 825 2974 capere
843 2914 880 2955 ex
891 2915 939 2963 se;

213 2977 440 3057 quandoquidem
452 2996 509 3038 non
523 2989 603 3056 sunt,
620 2999 657 3038 ex
671 2978 736 3039 ullis
749 2980 950 3059 principiorum

147 3069 200 3125 ato
213 3063 399 3141 corporibus,
413 3079 531 3141 quorum
545 3073 638 3123 motus
655 3066 780 3123 novitate
793 3063 924 3124 laborent

212 3156 259 3206 aut
270 3145 393 3226 aliquem
404 3146 526 3207 fructum
539 3149 649 3226 capiant
662 3147 819 3208 dulcedinis
832 3146 939 3207 almae:

211 3229 278 3289 haut
290 3232 376 3308 igitur
387 3230 492 3291 debent
505 3250 573 3292 esse
584 3230 643 3290 ulio
657 3231 784 3310 praedita
796 3249 891 3292 sensu.

253 3312 384 3393 Denique
396 3317 435 3375 uti
448 3317 560 3394 possint
571 3317 678 3377 sentire
690 3313 817 3374 animalia
829 3332 978 3394 quaeque,

57 3464 60 3468 .
211 3399 357 3477 principiis
370 3401 395 3459 si
407 3401 460 3457 iam
472 3409 516 3459 est
532 3419 635 3460 sensus
647 3397 812 3460 tribuendus
826 3417 941 3476 eorum,

146 3487 199 3543 975
211 3480 296 3560 quid,
307 3500 399 3560 genus
410 3481 560 3543 humanum
571 3485 719 3563 propritim
730 3481 766 3543 de
780 3484 875 3563 quibu'
887 3479 1044 3544 factumst?
