2288 3886
95 205 156 271 174
569 200 609 261 Vl

176 382 279 432 etcum
292 380 420 447 tempora
431 385 464 427 se
476 367 554 426 veris
567 364 694 425 florentia
707 364 840 443 pandunt.

113 466 165 519 360
176 454 282 531 frigore
294 454 367 512 enirn
383 450 484 510 desunt
495 450 595 527 ignes,
607 450 741 526 ventique
754 447 850 509 calore

176 538 309 597 deliciunt
320 553 414 612 neque
426 542 489 594 sunt
500 542 555 591 tarn
565 531 654 591 denso
666 548 789 610 corporo
800 532 903 595 nubea.

176 627 367 696 interutraque
381 619 466 695 igitur
477 634 540 675 curn
551 614 622 674 caeli
634 624 762 693 tempora
774 624 921 695 coactam,

176 714 234 764 tum
245 704 339 762 variae
355 718 457 761 causae
473 707 642 759 concurrunt
654 696 776 758 fulminis
788 715 903 761 omnes:

176 804 240 846 nam
250 785 339 845 fretus
351 786 414 862 ipse
429 784 491 843 anni
503 778 658 862 permis'cet
669 781 758 858 frigus
770 789 798 843 et
808 792 936 862 aestum,
1015 818 1018 825 ·

113 880 165 935 365
178 886 295 949 quorum
307 877 456 945 utrumque
468 883 541 945 opus
552 874 597 925 est
609 864 769 925 fabricanda
781 865 816 925 atl
826 865 942 927 fulmina
953 868 1044 942 nubi,

176 963 207 1013 ut
219 951 360 1013 discordia
370 954 409 1010 rit
420 968 513 1010 rerum
524 966 682 1026 magnoque
697 947 816 1008 tumultu

178 1037 289 1113 ignibus
305 1044 334 1095 et
345 1036 438 1094 ventis
450 1033 614 1092 furibundus
627 1032 744 1092 fluctuet
755 1037 814 1092 abr.

178 1123 266 1199 prima
277 1119 380 1179 caloris
397 1119 470 1177 enim
482 1134 547 1194 pars
559 1117 583 1176 si
595 1126 640 1175 est
651 1124 795 1193 postrema
805 1117 927 1194 rigoris,

178 1215 290 1281 tempus
302 1203 330 1260 id
341 1211 386 1262 est
397 1217 531 1274 vernum,
544 1216 600 1276 quo
612 1217 659 1259 res
671 1216 798 1278 pugnare
808 1211 963 1262 necessest

112 1296 165 1351 370
180 1285 322 1347 dissimilis
333 1287 407 1344 inter
422 1303 489 1344 sese
501 1283 672 1360 turbareque
683 1284 797 1345 mutas:

179 1381 208 1431 et
220 1368 298 1431 calor
310 1378 454 1429 extremus
465 1369 556 1445 primo
569 1384 632 1426 eum
643 1366 751 1443 frigore
762 1368 864 1427 mixtus

177 1454 316 1529 volvitur,
329 1453 450 1512 autumni
462 1449 538 1528 quod
549 1449 638 1510 fertur
648 1452 760 1511 nomine
770 1460 899 1529 tempus,

178 1539 225 1597 bic
236 1553 350 1615 quoque
362 1534 516 1610 confligunt
527 1533 635 1593 hiemes
647 1534 800 1594 aestatibus
811 1551 905 1595 acres.

178 1628 332 1698 propterea
341 1618 423 1695 freta
436 1627 500 1677 sunt
511 1617 582 1676 haec
594 1618 657 1676 anni
667 1617 870 1695 nominitantla,

9 1746 13 1756 ·
114 1712 165 1767 375
179 1722 234 1763 nec
245 1705 386 1778 mirumst,
397 1702 425 1759 in
437 1718 473 1760 eo
485 1703 510 1760 si
520 1709 649 1779 tempore
660 1700 779 1780 plurima
790 1701 858 1761 liunt

178 1787 290 1846 fulmina
305 1794 518 1864 tempestasque
530 1786 620 1845 cietur
631 1784 740 1845 turbida
752 1784 850 1863 caelo,

177 1872 291 1950 ancipiti
303 1871 432 1949 quoniam
443 1867 521 1929 bello
531 1869 658 1928 turbatur
669 1870 824 1947 utrimque,

177 1955 242 2015 hinc
252 1955 384 2032 flammis,
397 1952 474 2012 illinc
486 1954 595 2029 ventis,
608 1969 763 2031 umoreque
773 1953 869 2012 mixto.

219 2037 281 2098 lloc
293 2047 338 2098 est
348 2036 461 2113 igniferi
472 2045 595 2094 naturam
607 2035 728 2096 fulminis
739 2038 828 2116 ipsam

115 2133 167 2186 380
177 2122 344 2201 perspicere
357 2128 387 2178 et
398 2137 452 2197 qua
462 2121 490 2178 vi
501 2117 585 2178 faciat
595 2138 655 2179 rem
667 2138 806 2198 quamque
817 2119 934 2199 mulcro,
966 2168 972 2177 .

178 2223 235 2264 non
246 2202 390 2279 Tyrrhena
400 2212 478 2263 retro
491 2200 653 2263 volventem
666 2205 785 2262 carmina
796 2202 900 2264 frustra

177 2288 279 2348 indicia
290 2285 420 2347 occultae
432 2286 526 2346 divum
537 2288 703 2365 perquirere
715 2288 833 2365 mentis,

176 2372 250 2432 unde
262 2371 360 2431 rolans
372 2371 445 2447 ignis
456 2371 620 2448 pervenerit
632 2379 677 2430 aut
692 2372 720 2429 in
734 2380 823 2431 utram
834 2389 868 2431 se

177 2457 294 2518 uerterit
306 2454 371 2515 binc
383 2457 499 2533 partim,
513 2472 569 2533 quo
580 2463 665 2533 pacto
678 2472 731 2532 per
742 2453 808 2514 loca
821 2463 921 2533 saepta

115 2550 165 2604 383
176 2542 337 2616 insinuarit,
350 2548 379 2598 et
390 2539 454 2598 hinc
467 2537 622 2598 dominatus
635 2548 664 2598 ut
677 2534 810 2598 extulerit
822 2556 871 2615 se,

177 2623 280 2702 quidue
291 2640 397 2682 nocere
410 2631 494 2700 queat
504 2621 539 2681 de
552 2620 633 2682 caelo
644 2621 766 2682 fulminis
777 2623 861 2681 fotus.

177 2706 252 2784 quod
264 2707 288 2766 si
301 2706 429 2782 luppiter
440 2714 524 2781 atque
536 2703 582 2764 alii
594 2705 731 2783 fulgentia
744 2706 800 2765 diui

177 2790 302 2850 terrifico
314 2790 438 2865 quatiunt
452 2789 545 2847 sonitu
561 2788 696 2850 caelestia
706 2787 811 2866 templa

177 2882 206 2933 et
218 2874 321 2932 iaciunt
331 2873 426 2948 ignem
438 2889 494 2950 quo
507 2874 638 2950 cuiquest
651 2891 772 2950 cumque
785 2869 933 2950 voluptas,

116 2965 167 3018 300
180 2975 230 3016 cur
240 2956 342 3035 quibus
354 2957 495 3016 incautum
505 2954 602 3016 scelus
614 2956 772 3016 aversabile
789 2964 940 3033 cumquest

176 3058 231 3100 non
244 3040 348 3100 faciunt
359 3041 408 3099 icti
420 3039 542 3100 flammas
553 3050 583 3099 ut
595 3039 714 3116 fulguris
725 3038 821 3099 halent
842 3064 847 3073 ·

175 3133 295 3202 pectore
308 3125 432 3201 perimo,
447 3124 585 3183 documen
598 3122 762 3184 mortalibus
773 3140 857 3200 acre,

177 3216 206 3266 et
218 3209 312 3285 potius
326 3205 401 3266 nulla
412 3207 467 3267 sibi
478 3209 552 3285 turpi
565 3208 697 3267 conscius
707 3207 735 3265 in
747 3224 780 3266 re

176 3289 299 3349 volvitur
310 3293 338 3349 in
349 3289 464 3352 lammis
476 3293 606 3350 innoxius
619 3291 702 3367 inque
714 3289 827 3368 peditur

111 3381 162 3437 395
176 3373 288 3432 turbine
300 3372 418 3433 caelesti
429 3375 523 3434 subito
535 3383 683 3452 correptus
696 3381 724 3432 et
735 3369 814 3450 igni?

179 3473 227 3517 cur
240 3457 322 3515 etiam
334 3456 397 3516 loca
409 3456 470 3517 sola
481 3466 580 3536 petunt
592 3456 750 3535 frustraque
762 3452 909 3516 laborant?
