2288 3886
116 209 157 278 78
412 228 415 233 ·
596 207 637 267 lll

201 378 375 458 dispertitam
390 378 498 436 animae
508 386 633 436 naturam
646 376 744 435 exisse
757 393 811 455 per
823 386 918 455 anus,

201 472 230 522 et
242 464 320 540 prius
335 480 402 523 esse
418 460 471 520 sibi
487 459 647 522 distractam
660 477 782 537 corpore
798 462 920 541 inipso,

201 564 282 624 quam
295 544 429 624 prolapsa
441 543 517 605 foras
532 552 631 605 enaret
645 545 672 601 in
684 546 759 603 aeris
770 561 861 605 auras.

135 639 189 694 590
202 632 267 707 quin
280 631 363 690 etiam
376 629 439 688 [inis
451 627 515 687 dum
530 631 603 689 vitae
619 629 738 686 vertitur
751 630 837 705 intra,

202 731 289 793 saepe
300 713 393 792 aliqua
403 722 496 773 tamen
511 733 528 772 e
545 731 629 773 causa
640 710 780 772 labelaota
796 713 908 773 videtur

200 801 241 858 ire
255 799 344 857 anima
355 815 389 857 ao
400 807 462 859 toto
473 796 546 857 solui
558 797 594 857 de
607 812 730 872 corpore
741 797 833 873 celle,

202 891 231 942 et
247 883 326 960 quasi
338 899 471 960 supremo
483 879 674 959 languescere
685 889 816 960 tempore
831 880 945 961 voltus,

201 965 354 1043 molliaque
370 965 508 1042 exsangui
525 965 627 1025 cadere
639 965 766 1025 horrore
778 967 869 1024 omnia
881 968 1016 1028 membra.

137 1059 188 1112 595
202 1050 276 1128 quod
292 1069 384 1126 genus
396 1059 457 1126 est,
469 1050 560 1108 animo
573 1047 646 1108 male
662 1046 767 1107 lactum
784 1066 847 1107 cum
858 1049 1029 1128 perhibetur

200 1145 247 1194 aut
261 1136 379 1193 animam
391 1133 527 1211 liquisse;
543 1133 590 1192 nbi
603 1134 657 1192 iam
668 1131 824 1210 trepidatur
836 1143 864 1192 et
880 1151 980 1196 omnes

201 1227 358 1278 extremum
371 1220 486 1296 cupiunt
501 1219 576 1280 vitae
590 1215 804 1295 reprehendere
815 1216 954 1278 vinclum:

203 1310 408 1380 conquassatur
422 1302 496 1361 eninr
507 1310 565 1361 tum
581 1319 662 1360 mens
671 1302 837 1378 animaeque
849 1310 977 1379 potestas

203 1387 310 1462 omnis,
327 1393 355 1443 et
369 1384 441 1444 baec
453 1386 517 1462 ipso
530 1403 593 1444 cum
606 1402 728 1462 corpore
745 1383 935 1445 conlabeliunt
943 1408 950 1454 ;

135 1479 187 1532 600
198 1479 228 1528 nt
241 1469 355 1546 gravior
364 1467 450 1547 paulo
461 1471 554 1546 possit
569 1467 728 1530 dissolvere
742 1486 834 1527 causa.

202 1552 269 1630 quid
284 1552 395 1612 dubitas
408 1552 521 1611 tandem
534 1555 599 1630 quin
611 1562 691 1613 extra
701 1551 811 1630 prodita
824 1569 929 1631 corpus

202 1634 335 1696 inbecilla
348 1635 441 1713 foras,
454 1638 482 1694 in
496 1646 616 1714 aperto,
627 1638 753 1713 tegmine
766 1635 898 1715 dempto,

202 1737 258 1781 non
274 1719 358 1779 modo
371 1738 428 1779 non
440 1738 551 1780 omnem
562 1723 655 1801 possit
668 1720 768 1780 durare
783 1739 836 1799 per
847 1739 965 1800 aevom,

202 1804 252 1866 sed
266 1805 408 1864 minimum
420 1806 540 1882 quodvis
554 1814 675 1884 nequeat
691 1806 849 1866 consistere
860 1805 994 1884 tempus?

138 1899 189 1954 605
203 1909 258 1950 nec
272 1889 325 1948 sibi
337 1890 411 1949 enim
423 1892 571 1969 quisquam
583 1892 708 1951 moriens
720 1891 827 1949 sentire
838 1889 951 1949 videtur

201 1976 243 2033 ire
256 1974 333 2033 foras
346 1974 465 2032 animam
475 1972 646 2033 incolumem
662 1973 698 2032 de
711 1989 834 2051 corpore
846 1983 924 2051 toto,

200 2076 256 2117 nec
271 2059 350 2136 prius
361 2054 396 2115 ad
411 2056 537 2132 iugulum
553 2066 583 2116 et
598 2074 701 2134 supera
714 2057 874 2118 succedere
886 2057 1002 2136 lauces,

201 2159 300 2200 verum
312 2138 437 2198 deficere
448 2141 475 2197 in
492 2149 570 2200 certa
584 2142 703 2217 regione
718 2139 854 2210 locatam;

200 2234 231 2284 ut
242 2241 344 2285 sensus
358 2221 430 2282 alios
445 2225 472 2282 in
483 2226 555 2303 parti
567 2242 709 2302 quemque
724 2243 773 2286 sua
788 2226 843 2285 scit

136 2319 188 2373 610
201 2306 328 2369 dissolui.
342 2306 417 2385 quod
430 2309 453 2367 si
466 2307 619 2369 inmortalis
631 2319 727 2369 nostra
739 2308 814 2368 loret
826 2327 923 2388 mens,

200 2409 257 2451 non
270 2402 327 2452 tam
340 2410 372 2453 se
388 2394 512 2454 moriens
524 2393 642 2453 dissolvi
655 2402 895 2471 conquereretur,

200 2477 251 2539 sed
264 2478 354 2554 magis
369 2478 411 2535 ire
426 2476 503 2537 foras
514 2487 684 2554 vestemque
699 2476 879 2554 relinquere,
896 2488 926 2537 ut
937 2480 1048 2556 anguis.

242 2561 373 2637 Denique
391 2578 441 2619 our
452 2563 534 2619 animi
545 2578 694 2638 numquam
709 2579 790 2621 mens
806 2561 1013 2640 consiliumque

200 2647 325 2722 gignitur
336 2647 364 2702 in
377 2644 471 2720 capite
483 2652 530 2702 aut
542 2642 663 2721 pedibus
677 2644 860 2722 manibusve,
877 2645 928 2705 sed
943 2649 1006 2706 unis

136 2740 186 2794 615
202 2728 319 2789 sedibus
331 2737 361 2786 et
376 2729 464 2787 certis
478 2727 636 2804 regionibu’
651 2730 779 2806 pectoris
793 2729 908 2805 haeret,

200 2815 224 2873 si
238 2829 295 2871 non
309 2819 386 2870 certa
401 2807 464 2870 loca
479 2811 514 2870 ad
528 2811 701 2870 nascendum
712 2811 821 2872 reddita
837 2815 940 2891 cuique

199 2905 278 2973 sunt,
292 2904 320 2955 et
336 2895 383 2953 ubi
399 2895 532 2973 quioquid
549 2898 638 2972 possit
650 2896 750 2956 durare
766 2907 892 2957 creatum

131 3055 134 3060 ι
199 2991 284 3059 atque
296 2981 335 3039 ita
346 2976 518 3041 multimodis
532 2982 641 3058 partitis
653 2981 769 3041 artubus
785 3001 869 3058 esse⁷

199 3064 388 3124 membrorum
403 3073 433 3122 ut
448 3083 598 3142 numquam
610 3067 712 3124 existat
724 3075 929 3142 praeposterus
943 3063 1034 3126 ordo‘l

133 3159 185 3213 620
199 3147 375 3226 usqueadeo
392 3150 520 3224 seqnitur
534 3168 581 3209 res
596 3167 673 3225 rem,
688 3166 783 3225 neque
795 3148 903 3208 llamma
920 3152 1010 3209 creari

200 3232 359 3292 fluminibus
375 3231 487 3291 solitast
499 3251 594 3311 neque
606 3235 633 3291 in
646 3233 703 3309 igni
716 3234 828 3309 gignier
838 3232 928 3311 algor.

242 3314 394 3375 Praeterea
409 3317 433 3376 si
448 3316 602 3377 inmortalis
617 3325 713 3375 natura
723 3319 851 3377 animaist

199 3409 228 3459 et
243 3400 348 3459 sentire
360 3410 457 3476 potest
469 3410 582 3462 secreta
597 3420 612 3459 a
625 3417 748 3476 corpore
760 3410 875 3478 nostro,

200 3487 340 3563 quinque,
357 3493 386 3542 ut
400 3487 517 3561 opinor,
530 3503 592 3544 eam
605 3483 765 3543 faciundum
780 3493 824 3544 est
841 3485 973 3546 sensibus
984 3495 1105 3548 auctam
