<?xml version="1.0" encoding="UTF-8"?>
<!DOCTYPE html PUBLIC "-//W3C//DTD XHTML 1.0 Transitional//EN"
    "http://www.w3.org/TR/xhtml1/DTD/xhtml1-transitional.dtd">
<html xmlns="http://www.w3.org/1999/xhtml" xml:lang="en" lang="en">
 <head>
  <title>
</title>
<meta http-equiv="Content-Type" content="text/html;charset=utf-8" />
  <meta name='ocr-system' content='tesseract 3.04.00' />
  <meta name='ocr-capabilities' content='ocr_page ocr_carea ocr_par ocr_line ocrx_word'/>
</head>
<body>
  <div class='ocr_page' id='page_1' title='image "./tlucreticarider07carugoog_0140.png"; bbox 0 0 2288 3886; ppageno 0'>
   <div class='ocr_carea' id='block_1_1' title="bbox 115 155 629 217">
    <p class='ocr_par' dir='ltr' id='par_1_1' title="bbox 115 155 629 217">
     <span class='ocr_line' id='line_1_1' title="bbox 115 155 629 217; baseline -0.012 0"><span class='ocrx_word' id='word_1_1' title='bbox 115 155 178 217; x_wconf 72' lang='lat'><strong>120</strong></span> <span class='ocrx_word' id='word_1_2' title='bbox 594 155 629 212; x_wconf 83' lang='lat' dir='ltr'><strong>tv</strong></span> 
     </span>
    </p>
   </div>
   <div class='ocr_carea' id='block_1_2' title="bbox 101 319 1097 3498">
    <p class='ocr_par' dir='ltr' id='par_1_2' title="bbox 201 319 995 569">
     <span class='ocr_line' id='line_1_2' title="bbox 201 319 869 401; baseline -0.001 -18"><span class='ocrx_word' id='word_1_3' title='bbox 201 324 349 401; x_wconf 84' lang='lat' dir='ltr'><strong>corporis,</strong></span> <span class='ocrx_word' id='word_1_4' title='bbox 362 330 391 382; x_wconf 89' lang='lat' dir='ltr'><strong>et</strong></span> <span class='ocrx_word' id='word_1_5' title='bbox 402 321 502 385; x_wconf 86' lang='lat' dir='ltr'><strong>dentes</strong></span> <span class='ocrx_word' id='word_1_6' title='bbox 514 320 631 380; x_wconf 88' lang='lat' dir='ltr'><strong>inlidunt</strong></span> <span class='ocrx_word' id='word_1_7' title='bbox 641 340 729 400; x_wconf 88' lang='lat' dir='ltr'><strong>saepe</strong></span> <span class='ocrx_word' id='word_1_8' title='bbox 742 319 869 399; x_wconf 85' lang='lat' dir='ltr'><strong>labellis,</strong></span> 
     </span>
     <span class='ocr_line' id='line_1_3' title="bbox 201 405 955 485; baseline -0.001 -18"><span class='ocrx_word' id='word_1_9' title='bbox 201 405 359 485; x_wconf 88' lang='lat' dir='ltr'><strong>osculaque</strong></span> <span class='ocrx_word' id='word_1_10' title='bbox 370 405 524 482; x_wconf 81' lang='lat' dir='ltr'><strong>adfligunt,</strong></span> <span class='ocrx_word' id='word_1_11' title='bbox 538 407 669 484; x_wconf 87' lang='lat' dir='ltr'><strong>quianon</strong></span> <span class='ocrx_word' id='word_1_12' title='bbox 680 413 726 465; x_wconf 93' lang='lat' dir='ltr'><strong>est</strong></span> <span class='ocrx_word' id='word_1_13' title='bbox 740 422 810 483; x_wconf 84' lang='lat' dir='ltr'><strong>pura</strong></span> <span class='ocrx_word' id='word_1_14' title='bbox 822 405 955 484; x_wconf 88' lang='lat' dir='ltr'><strong>voluptas</strong></span> 
     </span>
     <span class='ocr_line' id='line_1_4' title="bbox 202 487 995 569; baseline -0.003 -18"><span class='ocrx_word' id='word_1_15' title='bbox 202 499 231 551; x_wconf 91' lang='lat' dir='ltr'><strong>et</strong></span> <span class='ocrx_word' id='word_1_16' title='bbox 242 488 348 550; x_wconf 80' lang='lat' dir='ltr'><strong>stimuli</strong></span> <span class='ocrx_word' id='word_1_17' title='bbox 360 489 498 566; x_wconf 81' lang='lat' dir='ltr'><strong>subsunt,</strong></span> <span class='ocrx_word' id='word_1_18' title='bbox 511 492 559 567; x_wconf 92' lang='lat' dir='ltr'><strong>qui</strong></span> <span class='ocrx_word' id='word_1_19' title='bbox 571 489 704 565; x_wconf 87' lang='lat' dir='ltr'><strong>instigant</strong></span> <span class='ocrx_word' id='word_1_20' title='bbox 718 487 834 548; x_wconf 85' lang='lat' dir='ltr'><strong>laedere</strong></span> <span class='ocrx_word' id='word_1_21' title='bbox 846 489 874 548; x_wconf 96' lang='lat' dir='ltr'><strong>id</strong></span> <span class='ocrx_word' id='word_1_22' title='bbox 885 492 995 569; x_wconf 84' lang='lat' dir='ltr'><strong>ipsum,</strong></span> 
     </span>
    </p>

    <p class='ocr_par' dir='ltr' id='par_1_3' title="bbox 118 570 1043 987">
     <span class='ocr_line' id='line_1_5' title="bbox 118 570 1043 653; baseline -0.004 -15"><span class='ocrx_word' id='word_1_23' title='bbox 118 583 184 638; x_wconf 77' lang='lat'>1075</span> <span class='ocrx_word' id='word_1_24' title='bbox 200 573 400 653; x_wconf 89' lang='lat' dir='ltr'><strong>quodcumque</strong></span> <span class='ocrx_word' id='word_1_25' title='bbox 412 582 473 650; x_wconf 83' lang='lat' dir='ltr'><strong>est,</strong></span> <span class='ocrx_word' id='word_1_26' title='bbox 485 573 579 632; x_wconf 81' lang='lat' dir='ltr'><strong>rabies</strong></span> <span class='ocrx_word' id='word_1_27' title='bbox 590 572 664 631; x_wconf 90' lang='lat' dir='ltr'><strong>unde</strong></span> <span class='ocrx_word' id='word_1_28' title='bbox 675 570 760 631; x_wconf 87' lang='lat' dir='ltr'><strong>illaec</strong></span> <span class='ocrx_word' id='word_1_29' title='bbox 772 575 898 649; x_wconf 86' lang='lat' dir='ltr'><strong>germina</strong></span> <span class='ocrx_word' id='word_1_30' title='bbox 914 585 1043 652; x_wconf 87' lang='lat' dir='ltr'><strong>surgunt.</strong></span> 
     </span>
     <span class='ocr_line' id='line_1_6' title="bbox 200 654 954 735; baseline -0.003 -17"><span class='ocrx_word' id='word_1_31' title='bbox 200 657 253 718; x_wconf 93' lang='lat' dir='ltr'><strong>sed</strong></span> <span class='ocrx_word' id='word_1_32' title='bbox 266 655 369 717; x_wconf 87' lang='lat' dir='ltr'><strong>leviter</strong></span> <span class='ocrx_word' id='word_1_33' title='bbox 380 675 488 735; x_wconf 88' lang='lat' dir='ltr'><strong>poenas</strong></span> <span class='ocrx_word' id='word_1_34' title='bbox 503 656 607 733; x_wconf 84' lang='lat' dir='ltr'><strong>frangit</strong></span> <span class='ocrx_word' id='word_1_35' title='bbox 618 654 717 716; x_wconf 87' lang='lat' dir='ltr'><strong>Venas</strong></span> <span class='ocrx_word' id='word_1_36' title='bbox 728 658 801 716; x_wconf 88' lang='lat' dir='ltr'><strong>inter</strong></span> <span class='ocrx_word' id='word_1_37' title='bbox 812 674 954 734; x_wconf 75' lang='lat' dir='ltr'><strong>amorem,</strong></span> 
     </span>
     <span class='ocr_line' id='line_1_7' title="bbox 199 739 900 819; baseline -0.003 -19"><span class='ocrx_word' id='word_1_38' title='bbox 199 739 360 819; x_wconf 87' lang='lat' dir='ltr'><strong>blandaque</strong></span> <span class='ocrx_word' id='word_1_39' title='bbox 372 740 497 801; x_wconf 87' lang='lat' dir='ltr'><strong>refrenat</strong></span> <span class='ocrx_word' id='word_1_40' title='bbox 507 757 617 800; x_wconf 87' lang='lat' dir='ltr'><strong>morsus</strong></span> <span class='ocrx_word' id='word_1_41' title='bbox 629 739 749 799; x_wconf 86' lang='lat' dir='ltr'><strong>admixta</strong></span> <span class='ocrx_word' id='word_1_42' title='bbox 760 739 900 818; x_wconf 87' lang='lat' dir='ltr'><strong>voluptas.</strong></span> 
     </span>
     <span class='ocr_line' id='line_1_8' title="bbox 198 822 952 903; baseline -0.003 -16"><span class='ocrx_word' id='word_1_43' title='bbox 198 843 322 902; x_wconf 87' lang='lat' dir='ltr'><strong>namque</strong></span> <span class='ocrx_word' id='word_1_44' title='bbox 338 826 366 883; x_wconf 89' lang='lat' dir='ltr'><strong>in</strong></span> <span class='ocrx_word' id='word_1_45' title='bbox 378 842 414 884; x_wconf 90' lang='lat' dir='ltr'><strong>eo</strong></span> <span class='ocrx_word' id='word_1_46' title='bbox 427 843 496 902; x_wconf 88' lang='lat' dir='ltr'><strong>spes</strong></span> <span class='ocrx_word' id='word_1_47' title='bbox 510 834 570 900; x_wconf 87' lang='lat' dir='ltr'><strong>est,</strong></span> <span class='ocrx_word' id='word_1_48' title='bbox 584 822 658 882; x_wconf 89' lang='lat' dir='ltr'><strong>unde</strong></span> <span class='ocrx_word' id='word_1_49' title='bbox 674 833 719 883; x_wconf 92' lang='lat' dir='ltr'><strong>est</strong></span> <span class='ocrx_word' id='word_1_50' title='bbox 731 823 838 884; x_wconf 86' lang='lat' dir='ltr'><strong>ardoris</strong></span> <span class='ocrx_word' id='word_1_51' title='bbox 851 827 952 903; x_wconf 82' lang='lat' dir='ltr'><strong>origo,</strong></span> 
     </span>
     <span class='ocr_line' id='line_1_9' title="bbox 200 908 1025 987; baseline 0.002 -21"><span class='ocrx_word' id='word_1_52' title='bbox 200 910 340 986; x_wconf 75' lang='lat' dir='ltr'><strong>restingui</strong></span> <span class='ocrx_word' id='word_1_53' title='bbox 353 926 467 987; x_wconf 87' lang='lat' dir='ltr'><strong>queque</strong></span> <span class='ocrx_word' id='word_1_54' title='bbox 482 925 570 987; x_wconf 90' lang='lat' dir='ltr'><strong>posse</strong></span> <span class='ocrx_word' id='word_1_55' title='bbox 582 908 617 966; x_wconf 89' lang='lat' dir='ltr'><strong>ab</strong></span> <span class='ocrx_word' id='word_1_56' title='bbox 630 908 730 967; x_wconf 88' lang='lat' dir='ltr'><strong>ecdem</strong></span> <span class='ocrx_word' id='word_1_57' title='bbox 744 909 1025 986; x_wconf 80' lang='lat' dir='ltr'><strong>corporeiiammam.</strong></span> 
     </span>
    </p>

    <p class='ocr_par' dir='ltr' id='par_1_4' title="bbox 119 992 1097 1407">
     <span class='ocr_line' id='line_1_10' title="bbox 119 992 839 1072; baseline -0.001 -20"><span class='ocrx_word' id='word_1_58' title='bbox 119 1005 185 1060; x_wconf 80' lang='grc'>1080</span> <span class='ocrx_word' id='word_1_59' title='bbox 203 992 278 1072; x_wconf 87' lang='lat' dir='ltr'><strong>quod</strong></span> <span class='ocrx_word' id='word_1_60' title='bbox 292 993 352 1052; x_wconf 88' lang='lat' dir='ltr'><strong>beri</strong></span> <span class='ocrx_word' id='word_1_61' title='bbox 365 1002 462 1052; x_wconf 80' lang='lat' dir='ltr'><strong>contra</strong></span> <span class='ocrx_word' id='word_1_62' title='bbox 476 1002 564 1052; x_wconf 86' lang='lat' dir='ltr'><strong>totum</strong></span> <span class='ocrx_word' id='word_1_63' title='bbox 575 1001 672 1051; x_wconf 88' lang='lat' dir='ltr'><strong>natura</strong></span> <span class='ocrx_word' id='word_1_64' title='bbox 685 1002 839 1070; x_wconf 80' lang='lat' dir='ltr'><strong>repugnat:</strong></span> 
     </span>
     <span class='ocr_line' id='line_1_11' title="bbox 201 1075 1097 1155; baseline 0.003 -20"><span class='ocrx_word' id='word_1_65' title='bbox 201 1094 312 1155; x_wconf 88' lang='lat' dir='ltr'><strong>unaque</strong></span> <span class='ocrx_word' id='word_1_66' title='bbox 328 1094 375 1136; x_wconf 90' lang='lat' dir='ltr'><strong>res</strong></span> <span class='ocrx_word' id='word_1_67' title='bbox 391 1075 463 1136; x_wconf 85' lang='lat' dir='ltr'><strong>baec</strong></span> <span class='ocrx_word' id='word_1_68' title='bbox 475 1084 537 1151; x_wconf 84' lang='lat' dir='ltr'><strong>est,</strong></span> <span class='ocrx_word' id='word_1_69' title='bbox 551 1077 630 1134; x_wconf 90' lang='lat' dir='ltr'><strong>cuius</strong></span> <span class='ocrx_word' id='word_1_70' title='bbox 643 1093 699 1153; x_wconf 92' lang='lat' dir='ltr'><strong>quo</strong></span> <span class='ocrx_word' id='word_1_71' title='bbox 711 1093 793 1152; x_wconf 90' lang='lat' dir='ltr'><strong>mage</strong></span> <span class='ocrx_word' id='word_1_72' title='bbox 805 1075 923 1154; x_wconf 84' lang='lat' dir='ltr'><strong>plurima</strong></span> <span class='ocrx_word' id='word_1_73' title='bbox 938 1076 1097 1153; x_wconf 79' lang='lat' dir='ltr'><strong>babemus,</strong></span> 
     </span>
     <span class='ocr_line' id='line_1_12' title="bbox 203 1159 864 1237; baseline -0.003 -18"><span class='ocrx_word' id='word_1_74' title='bbox 203 1170 258 1220; x_wconf 90' lang='lat' dir='ltr'><strong>tam</strong></span> <span class='ocrx_word' id='word_1_75' title='bbox 269 1162 358 1237; x_wconf 89' lang='lat' dir='ltr'><strong>magis</strong></span> <span class='ocrx_word' id='word_1_76' title='bbox 373 1161 498 1221; x_wconf 83' lang='lat' dir='ltr'><strong>ardescit</strong></span> <span class='ocrx_word' id='word_1_77' title='bbox 509 1159 568 1219; x_wconf 89' lang='lat' dir='ltr'><strong>dira</strong></span> <span class='ocrx_word' id='word_1_78' title='bbox 580 1159 740 1237; x_wconf 91' lang='lat' dir='ltr'><strong>cuppedine</strong></span> <span class='ocrx_word' id='word_1_79' title='bbox 752 1169 864 1237; x_wconf 90' lang='lat' dir='ltr'><strong>pectus.</strong></span> 
     </span>
     <span class='ocr_line' id='line_1_13' title="bbox 201 1243 968 1322; baseline 0.003 -20"><span class='ocrx_word' id='word_1_80' title='bbox 201 1262 264 1303; x_wconf 89' lang='lat' dir='ltr'><strong>nam</strong></span> <span class='ocrx_word' id='word_1_81' title='bbox 278 1243 359 1304; x_wconf 92' lang='lat' dir='ltr'><strong>cibus</strong></span> <span class='ocrx_word' id='word_1_82' title='bbox 374 1253 459 1322; x_wconf 87' lang='lat' dir='ltr'><strong>atque</strong></span> <span class='ocrx_word' id='word_1_83' title='bbox 473 1261 554 1302; x_wconf 83' lang='lat' dir='ltr'><strong>umor</strong></span> <span class='ocrx_word' id='word_1_84' title='bbox 564 1243 697 1302; x_wconf 92' lang='lat' dir='ltr'><strong>membris</strong></span> <span class='ocrx_word' id='word_1_85' title='bbox 714 1243 868 1303; x_wconf 90' lang='lat' dir='ltr'><strong>adsumitur</strong></span> <span class='ocrx_word' id='word_1_86' title='bbox 879 1247 968 1312; x_wconf 88' lang='lat' dir='ltr'><strong>iutus;</strong></span> 
     </span>
     <span class='ocr_line' id='line_1_14' title="bbox 203 1325 920 1407; baseline 0.001 -22"><span class='ocrx_word' id='word_1_87' title='bbox 203 1346 276 1407; x_wconf 86' lang='lat' dir='ltr'><strong>quae</strong></span> <span class='ocrx_word' id='word_1_88' title='bbox 289 1329 417 1406; x_wconf 87' lang='lat' dir='ltr'><strong>quoniam</strong></span> <span class='ocrx_word' id='word_1_89' title='bbox 432 1337 525 1386; x_wconf 85' lang='lat' dir='ltr'><strong>certas</strong></span> <span class='ocrx_word' id='word_1_90' title='bbox 536 1336 657 1405; x_wconf 89' lang='lat' dir='ltr'><strong>possunt</strong></span> <span class='ocrx_word' id='word_1_91' title='bbox 670 1325 803 1386; x_wconf 89' lang='lat' dir='ltr'><strong>obsidere</strong></span> <span class='ocrx_word' id='word_1_92' title='bbox 816 1330 920 1406; x_wconf 81' lang='lat' dir='ltr'><strong>partis,</strong></span> 
     </span>
    </p>

    <p class='ocr_par' dir='ltr' id='par_1_5' title="bbox 115 1408 985 1823">
     <span class='ocr_line' id='line_1_15' title="bbox 115 1408 937 1489; baseline -0.007 -13"><span class='ocrx_word' id='word_1_93' title='bbox 115 1424 184 1477; x_wconf 79' lang='lat'>1085</span> <span class='ocrx_word' id='word_1_94' title='bbox 203 1411 259 1471; x_wconf 91' lang='lat' dir='ltr'><strong>boc</strong></span> <span class='ocrx_word' id='word_1_95' title='bbox 270 1409 355 1470; x_wconf 89' lang='lat' dir='ltr'><strong>facile</strong></span> <span class='ocrx_word' id='word_1_96' title='bbox 367 1408 500 1489; x_wconf 85' lang='lat' dir='ltr'><strong>expletur</strong></span> <span class='ocrx_word' id='word_1_97' title='bbox 513 1410 626 1470; x_wconf 91' lang='lat' dir='ltr'><strong>laticum</strong></span> <span class='ocrx_word' id='word_1_98' title='bbox 636 1409 805 1489; x_wconf 84' lang='lat' dir='ltr'><strong>frugumque</strong></span> <span class='ocrx_word' id='word_1_99' title='bbox 819 1410 937 1489; x_wconf 85' lang='lat' dir='ltr'><strong>cupido:</strong></span> 
     </span>
     <span class='ocr_line' id='line_1_16' title="bbox 203 1491 844 1572; baseline -0.002 -18"><span class='ocrx_word' id='word_1_100' title='bbox 203 1513 240 1554; x_wconf 88' lang='lat' dir='ltr'><strong>ex</strong></span> <span class='ocrx_word' id='word_1_101' title='bbox 252 1495 371 1554; x_wconf 90' lang='lat' dir='ltr'><strong>bominis</strong></span> <span class='ocrx_word' id='word_1_102' title='bbox 382 1511 452 1553; x_wconf 88' lang='lat' dir='ltr'><strong>vera</strong></span> <span class='ocrx_word' id='word_1_103' title='bbox 464 1493 539 1553; x_wconf 83' lang='lat' dir='ltr'><strong>facie</strong></span> <span class='ocrx_word' id='word_1_104' title='bbox 556 1491 733 1572; x_wconf 87' lang='lat' dir='ltr'><strong>pulchroque</strong></span> <span class='ocrx_word' id='word_1_105' title='bbox 746 1494 844 1553; x_wconf 90' lang='grc'>001010</span> 
     </span>
     <span class='ocr_line' id='line_1_17' title="bbox 202 1575 935 1655; baseline 0 -19"><span class='ocrx_word' id='word_1_106' title='bbox 202 1576 241 1636; x_wconf 89' lang='grc'>1111</span> <span class='ocrx_word' id='word_1_107' title='bbox 256 1578 375 1637; x_wconf 87' lang='lat' dir='ltr'><strong>daturin</strong></span> <span class='ocrx_word' id='word_1_108' title='bbox 388 1575 935 1655; x_wconf 85' lang='lat' dir='ltr'><strong>corpaspraetersimulacrafruendum</strong></span> 
     </span>
     <span class='ocr_line' id='line_1_18' title="bbox 202 1661 956 1740; baseline -0.003 -19"><span class='ocrx_word' id='word_1_109' title='bbox 202 1663 310 1728; x_wconf 91' lang='lat' dir='ltr'><strong>tenvia;</strong></span> <span class='ocrx_word' id='word_1_110' title='bbox 323 1678 396 1740; x_wconf 88' lang='lat' dir='ltr'><strong>quae</strong></span> <span class='ocrx_word' id='word_1_111' title='bbox 408 1671 530 1720; x_wconf 89' lang='lat' dir='ltr'><strong>mentem</strong></span> <span class='ocrx_word' id='word_1_112' title='bbox 542 1679 610 1739; x_wconf 91' lang='lat' dir='ltr'><strong>spes</strong></span> <span class='ocrx_word' id='word_1_113' title='bbox 625 1669 716 1739; x_wconf 86' lang='lat' dir='ltr'><strong>raptat</strong></span> <span class='ocrx_word' id='word_1_114' title='bbox 732 1679 821 1740; x_wconf 87' lang='lat' dir='ltr'><strong>saepe</strong></span> <span class='ocrx_word' id='word_1_115' title='bbox 837 1661 956 1722; x_wconf 89' lang='lat' dir='ltr'><strong>misella.</strong></span> 
     </span>
     <span class='ocr_line' id='line_1_19' title="bbox 203 1745 985 1823; baseline -0.004 -18"><span class='ocrx_word' id='word_1_116' title='bbox 203 1754 234 1805; x_wconf 92' lang='lat' dir='ltr'><strong>ut</strong></span> <span class='ocrx_word' id='word_1_117' title='bbox 250 1745 350 1805; x_wconf 89' lang='lat' dir='ltr'><strong>bibere</strong></span> <span class='ocrx_word' id='word_1_118' title='bbox 361 1746 388 1803; x_wconf 90' lang='lat' dir='ltr'><strong>in</strong></span> <span class='ocrx_word' id='word_1_119' title='bbox 401 1746 506 1804; x_wconf 89' lang='lat' dir='ltr'><strong>somnis</strong></span> <span class='ocrx_word' id='word_1_120' title='bbox 518 1746 616 1804; x_wconf 89' lang='lat' dir='ltr'><strong>sitiens</strong></span> <span class='ocrx_word' id='word_1_121' title='bbox 629 1762 713 1823; x_wconf 86' lang='lat' dir='ltr'><strong>quem</strong></span> <span class='ocrx_word' id='word_1_122' title='bbox 725 1747 850 1823; x_wconf 84' lang='lat' dir='ltr'><strong>quaerit,</strong></span> <span class='ocrx_word' id='word_1_123' title='bbox 864 1755 893 1805; x_wconf 92' lang='lat' dir='ltr'><strong>et</strong></span> <span class='ocrx_word' id='word_1_124' title='bbox 904 1763 985 1803; x_wconf 86' lang='lat' dir='ltr'><strong>umor</strong></span> 
     </span>
    </p>

    <p class='ocr_par' dir='ltr' id='par_1_6' title="bbox 120 1828 996 2242">
     <span class='ocr_line' id='line_1_20' title="bbox 120 1828 996 1908; baseline 0 -19"><span class='ocrx_word' id='word_1_125' title='bbox 120 1843 187 1896; x_wconf 83' lang='grc'>1000</span> <span class='ocrx_word' id='word_1_126' title='bbox 203 1847 260 1889; x_wconf 89' lang='lat' dir='ltr'><strong>nnn</strong></span> <span class='ocrx_word' id='word_1_127' title='bbox 274 1829 371 1907; x_wconf 82' lang='lat' dir='ltr'><strong>datur,</strong></span> <span class='ocrx_word' id='word_1_128' title='bbox 383 1829 513 1888; x_wconf 84' lang='lat' dir='ltr'><strong>ardorem</strong></span> <span class='ocrx_word' id='word_1_129' title='bbox 525 1831 572 1908; x_wconf 89' lang='lat' dir='ltr'><strong>qui</strong></span> <span class='ocrx_word' id='word_1_130' title='bbox 581 1828 714 1889; x_wconf 91' lang='lat' dir='ltr'><strong>membris</strong></span> <span class='ocrx_word' id='word_1_131' title='bbox 726 1831 873 1906; x_wconf 81' lang='lat' dir='ltr'><strong>stinguere</strong></span> <span class='ocrx_word' id='word_1_132' title='bbox 885 1832 996 1908; x_wconf 84' lang='lat' dir='ltr'><strong>pessit,</strong></span> 
     </span>
     <span class='ocr_line' id='line_1_21' title="bbox 202 1912 918 1992; baseline -0.004 -17"><span class='ocrx_word' id='word_1_133' title='bbox 202 1913 256 1975; x_wconf 91' lang='lat' dir='ltr'><strong>sed</strong></span> <span class='ocrx_word' id='word_1_134' title='bbox 270 1912 383 1973; x_wconf 91' lang='lat' dir='ltr'><strong>laticum</strong></span> <span class='ocrx_word' id='word_1_135' title='bbox 396 1913 544 1973; x_wconf 86' lang='lat' dir='ltr'><strong>simulacra</strong></span> <span class='ocrx_word' id='word_1_136' title='bbox 554 1915 626 1992; x_wconf 90' lang='lat' dir='ltr'><strong>petit</strong></span> <span class='ocrx_word' id='word_1_137' title='bbox 636 1912 797 1991; x_wconf 89' lang='lat' dir='ltr'><strong>frustraque</strong></span> <span class='ocrx_word' id='word_1_138' title='bbox 809 1913 918 1973; x_wconf 88' lang='lat' dir='ltr'><strong>laborat</strong></span> 
     </span>
     <span class='ocr_line' id='line_1_22' title="bbox 202 1997 853 2076; baseline -0.002 -19"><span class='ocrx_word' id='word_1_139' title='bbox 202 2001 231 2057; x_wconf 92' lang='lat' dir='ltr'><strong>in</strong></span> <span class='ocrx_word' id='word_1_140' title='bbox 242 1997 393 2076; x_wconf 87' lang='lat' dir='ltr'><strong>medioque</strong></span> <span class='ocrx_word' id='word_1_141' title='bbox 405 1999 463 2058; x_wconf 91' lang='lat' dir='ltr'><strong>sitit</strong></span> <span class='ocrx_word' id='word_1_142' title='bbox 475 1999 593 2056; x_wconf 90' lang='lat' dir='ltr'><strong>torrenti</strong></span> <span class='ocrx_word' id='word_1_143' title='bbox 607 1997 719 2055; x_wconf 86' lang='lat' dir='ltr'><strong>flumine</strong></span> <span class='ocrx_word' id='word_1_144' title='bbox 734 2006 853 2074; x_wconf 82' lang='lat' dir='ltr'><strong>potans,</strong></span> 
     </span>
     <span class='ocr_line' id='line_1_23' title="bbox 203 2078 903 2157; baseline -0.001 -17"><span class='ocrx_word' id='word_1_145' title='bbox 203 2082 286 2141; x_wconf 89' lang='lat' dir='ltr'><strong>sicin</strong></span> <span class='ocrx_word' id='word_1_146' title='bbox 300 2098 396 2140; x_wconf 88' lang='lat' dir='ltr'><strong>amore</strong></span> <span class='ocrx_word' id='word_1_147' title='bbox 412 2079 511 2139; x_wconf 88' lang='lat' dir='ltr'><strong>Venus</strong></span> <span class='ocrx_word' id='word_1_148' title='bbox 523 2078 678 2139; x_wconf 82' lang='lat' dir='ltr'><strong>simulacris</strong></span> <span class='ocrx_word' id='word_1_149' title='bbox 691 2079 903 2157; x_wconf 73' lang='lat' dir='ltr'><strong>imitamentis,</strong></span> 
     </span>
     <span class='ocr_line' id='line_1_24' title="bbox 200 2162 914 2242; baseline 0 -18"><span class='ocrx_word' id='word_1_150' title='bbox 200 2182 255 2224; x_wconf 89' lang='lat' dir='ltr'><strong>nec</strong></span> <span class='ocrx_word' id='word_1_151' title='bbox 267 2165 370 2223; x_wconf 87' lang='lat' dir='ltr'><strong>satiare</strong></span> <span class='ocrx_word' id='word_1_152' title='bbox 382 2173 488 2242; x_wconf 88' lang='lat' dir='ltr'><strong>queunt</strong></span> <span class='ocrx_word' id='word_1_153' title='bbox 500 2162 656 2242; x_wconf 89' lang='lat' dir='ltr'><strong>spectando</strong></span> <span class='ocrx_word' id='word_1_154' title='bbox 669 2180 790 2241; x_wconf 89' lang='lat' dir='ltr'><strong>corpora</strong></span> <span class='ocrx_word' id='word_1_155' title='bbox 803 2181 914 2242; x_wconf 82' lang='lat' dir='ltr'><strong>coram,</strong></span> 
     </span>
    </p>

    <p class='ocr_par' dir='ltr' id='par_1_7' title="bbox 117 2247 1051 2330">
     <span class='ocr_line' id='line_1_25' title="bbox 117 2247 1051 2330; baseline 0 -22"><span class='ocrx_word' id='word_1_156' title='bbox 117 2261 183 2315; x_wconf 80' lang='lat'>1095</span> <span class='ocrx_word' id='word_1_157' title='bbox 199 2266 254 2308; x_wconf 90' lang='lat' dir='ltr'><strong>nec</strong></span> <span class='ocrx_word' id='word_1_158' title='bbox 264 2249 391 2308; x_wconf 89' lang='lat' dir='ltr'><strong>manibus</strong></span> <span class='ocrx_word' id='word_1_159' title='bbox 404 2249 553 2327; x_wconf 83' lang='lat' dir='ltr'><strong>quicquam</strong></span> <span class='ocrx_word' id='word_1_160' title='bbox 564 2249 670 2307; x_wconf 90' lang='lat' dir='ltr'><strong>teneris</strong></span> <span class='ocrx_word' id='word_1_161' title='bbox 684 2247 821 2307; x_wconf 87' lang='lat' dir='ltr'><strong>abradere</strong></span> <span class='ocrx_word' id='word_1_162' title='bbox 835 2248 968 2308; x_wconf 91' lang='lat' dir='ltr'><strong>membris</strong></span> <span class='ocrx_word' id='word_1_163' title='bbox 1043 2315 1051 2330; x_wconf 87' lang='lat'>.</span> 
     </span>
    </p>

    <p class='ocr_par' dir='ltr' id='par_1_8' title="bbox 101 2334 956 2663">
     <span class='ocr_line' id='line_1_26' title="bbox 101 2334 789 2413; baseline -0.003 -22"><span class='ocrx_word' id='word_1_164' title='bbox 101 2367 103 2370; x_wconf 57' lang='lat'>&lt;</span> <span class='ocrx_word' id='word_1_165' title='bbox 200 2341 321 2413; x_wconf 89' lang='lat' dir='ltr'><strong>possunt</strong></span> <span class='ocrx_word' id='word_1_166' title='bbox 333 2341 460 2392; x_wconf 87' lang='lat' dir='ltr'><strong>errantes</strong></span> <span class='ocrx_word' id='word_1_167' title='bbox 472 2334 573 2391; x_wconf 86' lang='lat' dir='ltr'><strong>incerti</strong></span> <span class='ocrx_word' id='word_1_168' title='bbox 586 2348 707 2410; x_wconf 86' lang='lat' dir='ltr'><strong>corpore</strong></span> <span class='ocrx_word' id='word_1_169' title='bbox 719 2341 789 2391; x_wconf 91' lang='lat' dir='ltr'><strong>toto.</strong></span> 
     </span>
     <span class='ocr_line' id='line_1_27' title="bbox 201 2414 899 2496; baseline -0.004 -21"><span class='ocrx_word' id='word_1_170' title='bbox 201 2415 325 2496; x_wconf 89' lang='lat' dir='ltr'><strong>denique</strong></span> <span class='ocrx_word' id='word_1_171' title='bbox 337 2434 401 2476; x_wconf 92' lang='lat' dir='ltr'><strong>cum</strong></span> <span class='ocrx_word' id='word_1_172' title='bbox 411 2416 545 2476; x_wconf 89' lang='lat' dir='ltr'><strong>membris</strong></span> <span class='ocrx_word' id='word_1_173' title='bbox 557 2414 676 2475; x_wconf 87' lang='lat' dir='ltr'><strong>conlatis</strong></span> <span class='ocrx_word' id='word_1_174' title='bbox 689 2415 759 2476; x_wconf 89' lang='grc'>11010</span> <span class='ocrx_word' id='word_1_175' title='bbox 770 2415 899 2474; x_wconf 86' lang='lat' dir='ltr'><strong>fruuntur</strong></span> 
     </span>
     <span class='ocr_line' id='line_1_28' title="bbox 200 2499 850 2580; baseline -0.002 -21"><span class='ocrx_word' id='word_1_176' title='bbox 200 2503 319 2578; x_wconf 82' lang='lat' dir='ltr'><strong>aetatis,</strong></span> <span class='ocrx_word' id='word_1_177' title='bbox 330 2502 384 2560; x_wconf 88' lang='lat' dir='ltr'><strong>iam</strong></span> <span class='ocrx_word' id='word_1_178' title='bbox 399 2518 462 2560; x_wconf 90' lang='lat' dir='ltr'><strong>emn</strong></span> <span class='ocrx_word' id='word_1_179' title='bbox 473 2502 617 2580; x_wconf 88' lang='lat' dir='ltr'><strong>praesagit</strong></span> <span class='ocrx_word' id='word_1_180' title='bbox 628 2499 729 2576; x_wconf 89' lang='lat' dir='ltr'><strong>gaudia</strong></span> <span class='ocrx_word' id='word_1_181' title='bbox 745 2517 850 2578; x_wconf 88' lang='lat' dir='ltr'><strong>corpus</strong></span> 
     </span>
     <span class='ocr_line' id='line_1_29' title="bbox 200 2581 956 2663; baseline -0.005 -19"><span class='ocrx_word' id='word_1_182' title='bbox 200 2594 285 2663; x_wconf 89' lang='lat' dir='ltr'><strong>atque</strong></span> <span class='ocrx_word' id='word_1_183' title='bbox 301 2587 329 2643; x_wconf 90' lang='lat' dir='ltr'><strong>in</strong></span> <span class='ocrx_word' id='word_1_184' title='bbox 340 2593 405 2644; x_wconf 89' lang='lat' dir='ltr'><strong>eost</strong></span> <span class='ocrx_word' id='word_1_185' title='bbox 416 2583 513 2643; x_wconf 88' lang='lat' dir='ltr'><strong>Venus</strong></span> <span class='ocrx_word' id='word_1_186' title='bbox 525 2594 555 2643; x_wconf 88' lang='lat' dir='ltr'><strong>ut</strong></span> <span class='ocrx_word' id='word_1_187' title='bbox 569 2581 715 2642; x_wconf 87' lang='lat' dir='ltr'><strong>muliebria</strong></span> <span class='ocrx_word' id='word_1_188' title='bbox 727 2592 860 2643; x_wconf 86' lang='lat' dir='ltr'><strong>conserat</strong></span> <span class='ocrx_word' id='word_1_189' title='bbox 873 2600 956 2658; x_wconf 80' lang='lat' dir='ltr'><strong>arva,</strong></span> 
     </span>
    </p>

    <p class='ocr_par' dir='ltr' id='par_1_9' title="bbox 117 2666 942 3062">
     <span class='ocr_line' id='line_1_30' title="bbox 117 2666 837 2744; baseline -0.001 -17"><span class='ocrx_word' id='word_1_190' title='bbox 117 2682 187 2734; x_wconf 89' lang='grc'>1100</span> <span class='ocrx_word' id='word_1_191' title='bbox 200 2668 326 2744; x_wconf 87' lang='lat' dir='ltr'><strong>adfigunt</strong></span> <span class='ocrx_word' id='word_1_192' title='bbox 338 2668 419 2726; x_wconf 91' lang='lat' dir='ltr'><strong>avide</strong></span> <span class='ocrx_word' id='word_1_193' title='bbox 434 2685 538 2744; x_wconf 88' lang='lat' dir='ltr'><strong>corpus</strong></span> <span class='ocrx_word' id='word_1_194' title='bbox 550 2669 723 2744; x_wconf 85' lang='lat' dir='ltr'><strong>iunguntque</strong></span> <span class='ocrx_word' id='word_1_195' title='bbox 735 2666 837 2726; x_wconf 87' lang='lat' dir='ltr'><strong>salivas</strong></span> 
     </span>
     <span class='ocr_line' id='line_1_31' title="bbox 201 2749 850 2829; baseline 0 -19"><span class='ocrx_word' id='word_1_196' title='bbox 201 2753 259 2810; x_wconf 89' lang='lat' dir='ltr'><strong>oris</strong></span> <span class='ocrx_word' id='word_1_197' title='bbox 273 2759 302 2809; x_wconf 93' lang='lat' dir='ltr'><strong>et</strong></span> <span class='ocrx_word' id='word_1_198' title='bbox 315 2752 450 2828; x_wconf 89' lang='lat' dir='ltr'><strong>inspirant</strong></span> <span class='ocrx_word' id='word_1_199' title='bbox 462 2759 625 2829; x_wconf 91' lang='lat' dir='ltr'><strong>pressantes</strong></span> <span class='ocrx_word' id='word_1_200' title='bbox 641 2749 771 2810; x_wconf 87' lang='lat' dir='ltr'><strong>dentibus</strong></span> <span class='ocrx_word' id='word_1_201' title='bbox 784 2768 850 2826; x_wconf 83' lang='grc'>010,</span> 
     </span>
     <span class='ocr_line' id='line_1_32' title="bbox 201 2831 939 2913; baseline -0.003 -20"><span class='ocrx_word' id='word_1_202' title='bbox 201 2834 388 2912; x_wconf 82' lang='lat' dir='ltr'><strong>nequiquam,</strong></span> <span class='ocrx_word' id='word_1_203' title='bbox 403 2834 532 2912; x_wconf 86' lang='lat' dir='ltr'><strong>quoniam</strong></span> <span class='ocrx_word' id='word_1_204' title='bbox 542 2831 580 2892; x_wconf 91' lang='lat' dir='ltr'><strong>nil</strong></span> <span class='ocrx_word' id='word_1_205' title='bbox 594 2833 659 2893; x_wconf 91' lang='lat' dir='ltr'><strong>inde</strong></span> <span class='ocrx_word' id='word_1_206' title='bbox 671 2834 807 2894; x_wconf 86' lang='lat' dir='ltr'><strong>abradere</strong></span> <span class='ocrx_word' id='word_1_207' title='bbox 819 2843 939 2913; x_wconf 88' lang='lat' dir='ltr'><strong>possunt</strong></span> 
     </span>
     <span class='ocr_line' id='line_1_33' title="bbox 200 2917 942 2998; baseline 0 -22"><span class='ocrx_word' id='word_1_208' title='bbox 200 2936 256 2978; x_wconf 90' lang='lat' dir='ltr'><strong>nec</strong></span> <span class='ocrx_word' id='word_1_209' title='bbox 268 2927 419 2996; x_wconf 91' lang='lat' dir='ltr'><strong>penetrare</strong></span> <span class='ocrx_word' id='word_1_210' title='bbox 434 2927 463 2977; x_wconf 91' lang='grc'><strong>01</strong></span> <span class='ocrx_word' id='word_1_211' title='bbox 475 2917 552 2978; x_wconf 91' lang='lat' dir='ltr'><strong>abire</strong></span> <span class='ocrx_word' id='word_1_212' title='bbox 567 2920 595 2976; x_wconf 92' lang='lat' dir='ltr'><strong>in</strong></span> <span class='ocrx_word' id='word_1_213' title='bbox 611 2935 716 2998; x_wconf 93' lang='lat' dir='ltr'><strong>corpus</strong></span> <span class='ocrx_word' id='word_1_214' title='bbox 730 2935 851 2996; x_wconf 87' lang='lat' dir='ltr'><strong>corpere</strong></span> <span class='ocrx_word' id='word_1_215' title='bbox 867 2927 942 2977; x_wconf 87' lang='lat' dir='ltr'><strong>tato:</strong></span> 
     </span>
     <span class='ocr_line' id='line_1_34' title="bbox 201 3000 926 3062; baseline -0.006 0"><span class='ocrx_word' id='word_1_216' title='bbox 201 3020 262 3062; x_wconf 90' lang='lat' dir='ltr'><strong>nam</strong></span> <span class='ocrx_word' id='word_1_217' title='bbox 273 3002 371 3061; x_wconf 90' lang='lat' dir='ltr'><strong>iacere</strong></span> <span class='ocrx_word' id='word_1_218' title='bbox 382 3003 521 3062; x_wconf 89' lang='lat' dir='ltr'><strong>interdum</strong></span> <span class='ocrx_word' id='word_1_219' title='bbox 535 3000 612 3062; x_wconf 87' lang='lat' dir='ltr'><strong>velle</strong></span> <span class='ocrx_word' id='word_1_220' title='bbox 624 3012 654 3062; x_wconf 90' lang='lat' dir='ltr'><strong>et</strong></span> <span class='ocrx_word' id='word_1_221' title='bbox 666 3010 776 3062; x_wconf 89' lang='lat' dir='ltr'><strong>certare</strong></span> <span class='ocrx_word' id='word_1_222' title='bbox 788 3002 926 3061; x_wconf 89' lang='lat' dir='ltr'><strong>videntur.</strong></span> 
     </span>
    </p>

    <p class='ocr_par' dir='ltr' id='par_1_10' title="bbox 120 3083 1010 3498">
     <span class='ocr_line' id='line_1_35' title="bbox 120 3083 1010 3166; baseline -0.003 -15"><span class='ocrx_word' id='word_1_223' title='bbox 120 3100 185 3151; x_wconf 85' lang='lat'>1105</span> <span class='ocrx_word' id='word_1_224' title='bbox 201 3085 377 3165; x_wconf 86' lang='lat' dir='ltr'><strong>usqueadeo</strong></span> <span class='ocrx_word' id='word_1_225' title='bbox 389 3086 491 3165; x_wconf 92' lang='lat' dir='ltr'><strong>cupide</strong></span> <span class='ocrx_word' id='word_1_226' title='bbox 503 3089 531 3145; x_wconf 91' lang='lat' dir='ltr'><strong>in</strong></span> <span class='ocrx_word' id='word_1_227' title='bbox 540 3085 663 3146; x_wconf 88' lang='lat' dir='ltr'><strong>Veneris</strong></span> <span class='ocrx_word' id='word_1_228' title='bbox 676 3086 861 3164; x_wconf 84' lang='lat' dir='ltr'><strong>compagibus</strong></span> <span class='ocrx_word' id='word_1_229' title='bbox 873 3083 1010 3166; x_wconf 87' lang='lat' dir='ltr'><strong>haerent,</strong></span> 
     </span>
     <span class='ocr_line' id='line_1_36' title="bbox 201 3168 939 3249; baseline 0.001 -20"><span class='ocrx_word' id='word_1_230' title='bbox 201 3170 326 3232; x_wconf 90' lang='lat' dir='ltr'><strong>membra</strong></span> <span class='ocrx_word' id='word_1_231' title='bbox 337 3168 490 3249; x_wconf 88' lang='lat' dir='ltr'><strong>voluptatis</strong></span> <span class='ocrx_word' id='word_1_232' title='bbox 503 3169 567 3228; x_wconf 93' lang='lat' dir='ltr'><strong>dum</strong></span> <span class='ocrx_word' id='word_1_233' title='bbox 576 3172 604 3228; x_wconf 88' lang='lat' dir='ltr'><strong>vi</strong></span> <span class='ocrx_word' id='word_1_234' title='bbox 618 3169 759 3230; x_wconf 89' lang='lat' dir='ltr'><strong>labefacta</strong></span> <span class='ocrx_word' id='word_1_235' title='bbox 768 3168 939 3248; x_wconf 88' lang='lat' dir='ltr'><strong>liquescunt.</strong></span> 
     </span>
     <span class='ocr_line' id='line_1_37' title="bbox 201 3252 905 3332; baseline -0.001 -18"><span class='ocrx_word' id='word_1_236' title='bbox 201 3254 313 3315; x_wconf 90' lang='lat' dir='ltr'><strong>tandem</strong></span> <span class='ocrx_word' id='word_1_237' title='bbox 324 3254 373 3314; x_wconf 90' lang='lat' dir='ltr'><strong>ubi</strong></span> <span class='ocrx_word' id='word_1_238' title='bbox 384 3273 417 3314; x_wconf 90' lang='lat' dir='ltr'><strong>se</strong></span> <span class='ocrx_word' id='word_1_239' title='bbox 429 3256 522 3332; x_wconf 90' lang='lat' dir='ltr'><strong>erupit</strong></span> <span class='ocrx_word' id='word_1_240' title='bbox 533 3257 628 3314; x_wconf 90' lang='lat' dir='ltr'><strong>nervis</strong></span> <span class='ocrx_word' id='word_1_241' title='bbox 642 3252 772 3313; x_wconf 88' lang='lat' dir='ltr'><strong>conlecta</strong></span> <span class='ocrx_word' id='word_1_242' title='bbox 784 3253 905 3331; x_wconf 84' lang='lat' dir='ltr'><strong>capide,</strong></span> 
     </span>
     <span class='ocr_line' id='line_1_38' title="bbox 201 3337 855 3418; baseline -0.002 -20"><span class='ocrx_word' id='word_1_243' title='bbox 201 3356 288 3418; x_wconf 88' lang='lat' dir='ltr'><strong>parva</strong></span> <span class='ocrx_word' id='word_1_244' title='bbox 300 3338 329 3396; x_wconf 90' lang='lat' dir='ltr'><strong>iit</strong></span> <span class='ocrx_word' id='word_1_245' title='bbox 343 3337 451 3399; x_wconf 90' lang='lat' dir='ltr'><strong>ardoris</strong></span> <span class='ocrx_word' id='word_1_246' title='bbox 464 3337 582 3398; x_wconf 88' lang='lat' dir='ltr'><strong>violenti</strong></span> <span class='ocrx_word' id='word_1_247' title='bbox 593 3355 680 3417; x_wconf 88' lang='lat' dir='ltr'><strong>pausa</strong></span> <span class='ocrx_word' id='word_1_248' title='bbox 691 3354 855 3416; x_wconf 91' lang='lat' dir='ltr'><strong>parumper:</strong></span> 
     </span>
     <span class='ocr_line' id='line_1_39' title="bbox 200 3419 885 3498; baseline -0.001 -15"><span class='ocrx_word' id='word_1_249' title='bbox 200 3423 265 3483; x_wconf 86' lang='lat' dir='ltr'><strong>inde</strong></span> <span class='ocrx_word' id='word_1_250' title='bbox 277 3421 349 3482; x_wconf 92' lang='lat' dir='ltr'><strong>redit</strong></span> <span class='ocrx_word' id='word_1_251' title='bbox 361 3422 455 3483; x_wconf 89' lang='lat' dir='ltr'><strong>rabies</strong></span> <span class='ocrx_word' id='word_1_252' title='bbox 467 3421 566 3482; x_wconf 88' lang='lat' dir='ltr'><strong>eadem</strong></span> <span class='ocrx_word' id='word_1_253' title='bbox 576 3432 605 3482; x_wconf 92' lang='lat' dir='ltr'><strong>et</strong></span> <span class='ocrx_word' id='word_1_254' title='bbox 619 3421 698 3482; x_wconf 85' lang='lat' dir='ltr'><strong>furer</strong></span> <span class='ocrx_word' id='word_1_255' title='bbox 709 3419 758 3481; x_wconf 89' lang='lat' dir='ltr'><strong>ilie</strong></span> <span class='ocrx_word' id='word_1_256' title='bbox 770 3422 885 3498; x_wconf 78' lang='lat' dir='ltr'><strong>revisit,</strong></span> 
     </span>
    </p>
   </div>
   <div class='ocr_carea' id='block_1_3' title="bbox 0 0 1151 3886">
    <p class='ocr_par' dir='ltr' id='par_1_11' title="bbox 0 0 1151 3886">
     <span class='ocr_line' id='line_1_40' title="bbox 0 0 1151 3886; baseline 0 0"><span class='ocrx_word' id='word_1_257' title='bbox 0 0 1151 3886; x_wconf 95' lang='lat' dir='ltr'><strong> </strong></span> 
     </span>
    </p>
   </div>
  </div>
 </body>
</html>
