2288 3886
91 196 95 201 ’
116 217 177 281 134
603 215 628 275 v

197 404 252 446 uec
264 393 392 446 sanctum
403 401 505 444 numen
517 383 566 444 fati
578 383 735 462 protollere
747 381 809 445 bnis

135 479 187 533 310
200 487 289 550 posse
300 487 393 546 neque
405 467 542 528 adversus
553 478 667 528 naturae
678 466 796 529 foedera
806 464 877 528 niti?

199 553 323 633 denique
337 569 393 612 uon
404 553 573 611 monimenta
586 553 676 611 viram
688 551 797 631 dilapsa
807 553 955 631 videmus,

201 639 300 717 [quare
316 653 455 716 proporro
471 636 525 696 sibi
538 653 658 714 cumque
671 654 828 696 senescere
841 636 955 706 credasl

199 739 256 781 uon
267 738 350 781 ruere
364 719 479 780 avolsos
491 719 589 780 silices
601 719 768 780 amentibus
780 719 844 781 altis

199 823 254 865 nec
269 803 375 865 validas
389 804 452 865 aevi
465 805 542 864 vires
553 803 683 881 perferre
695 806 810 882 patique

136 897 187 951 315
202 885 292 949 finiti?
304 907 398 967 neque
413 889 487 948 enim
499 886 633 948 caderent
644 887 742 948 avolsa
753 897 891 967 repente,

201 992 239 1033 ex
250 974 356 1034 infinito
368 990 440 1051 quae
452 982 582 1051 tempore
593 971 818 1050 pertolerassent

202 1059 293 1118 omnia
304 1065 443 1116 tormenta
454 1056 571 1132 aetatis,
586 1056 693 1135 privata
704 1055 828 1134 fragore.

241 1141 374 1220 Denique
388 1142 442 1200 iam
453 1149 535 1200 tuere
549 1137 623 1216 boc,
642 1141 748 1200 circum
757 1157 901 1218 supraque
914 1140 992 1219 quod
1004 1157 1110 1203 omnem

201 1227 327 1286 continet
337 1223 470 1304 amplexu
481 1234 598 1284 terram:
610 1225 635 1284 si
649 1233 782 1303 procreat
792 1241 831 1283 ex
840 1241 874 1284 se

138 1319 190 1373 320
203 1311 310 1387 omnia,
324 1307 400 1387 quod
416 1307 528 1386 quidam
539 1317 711 1386 memorant,
723 1309 885 1387 recipitque
901 1316 1065 1387 perempta,

201 1403 291 1454 totum
301 1395 396 1453 nativo
406 1409 441 1453 ac
457 1390 568 1453 mortali
580 1407 704 1470 corpore
720 1400 841 1453 constat.

199 1495 262 1536 uam
273 1476 472 1555 quodcumque
483 1473 552 1536 alias
564 1493 646 1536 exse
658 1494 706 1536 res
716 1485 802 1554 auget
814 1473 938 1554 alitque,

201 1560 323 1621 deminui
336 1559 439 1635 debet,
452 1561 593 1636 recreari,
607 1578 670 1620 cum
681 1561 784 1639 recipit
794 1578 851 1620 res.

243 1643 395 1704 Praeterea
406 1645 430 1703 si
443 1641 519 1702 nulla
530 1642 582 1703 luit
593 1643 724 1721 genitalis
737 1646 818 1722 origo

138 1738 189 1791 325
202 1737 339 1789 terrarum
352 1737 380 1789 et
396 1725 468 1787 caeli
480 1745 653 1808 semperque
665 1738 780 1789 aeterna
792 1727 891 1804 fuere,

201 1830 252 1873 cur
264 1830 368 1891 supera
379 1810 486 1872 bellum
497 1810 660 1872 Thebanum
672 1821 701 1872 et
711 1811 810 1872 lunera
822 1810 923 1872 Troiae

200 1914 257 1956 nou
269 1895 337 1956 alias
349 1895 395 1956 alii
408 1913 521 1975 quoque
534 1915 581 1956 res
595 1898 730 1957 cecinere
742 1892 868 1976 poetae?

201 1998 258 2060 quo
270 1989 312 2040 tot
323 1980 398 2040 facta
408 1982 498 2039 virum
509 1983 612 2039 totiens
626 1978 759 2041 cecidere
770 1998 864 2058 neque
876 1997 995 2060 usquam
1028 2036 1038 2053 ,

200 2065 324 2124 aeternis
336 2063 425 2123 iamne
436 2065 613 2123 monimentis
626 2065 708 2123 insita
720 2060 842 2124 dorent?

136 2158 189 2212 330
201 2164 317 2224 verum,
330 2154 359 2206 ut
372 2148 489 2225 opinor,
502 2145 588 2206 habet
598 2149 751 2208 novitatem
764 2165 887 2224 summa,
899 2165 1062 2227 recensque

200 2238 324 2290 naturast
335 2230 429 2290 mundi
439 2249 534 2310 neque
544 2229 654 2310 pridem
666 2230 783 2292 exordia
797 2233 882 2311 oepit.

200 2333 288 2395 quare
301 2317 383 2376 etiam
395 2315 532 2395 quaedam
543 2334 617 2376 nunc
627 2325 703 2377 artes
716 2315 913 2396 expoliuntur,

200 2418 275 2460 nuuc
287 2403 370 2460 etiam
382 2408 555 2478 augescunt:
568 2418 643 2460 nuuc
655 2398 747 2460 addita
761 2401 880 2476 nangiis
892 2409 958 2460 sunt

199 2483 302 2560 multa,
314 2484 398 2543 modo
411 2485 537 2562 organici
550 2483 670 2545 melicos
683 2501 825 2563 peperere
837 2498 977 2560 sonores,

136 2578 187 2632 335
201 2568 323 2646 denique
335 2577 431 2627 natura
442 2568 513 2627 haec
526 2585 620 2627 rerum
631 2570 759 2646 ratioque
771 2574 913 2647 repertast

200 2669 308 2730 nuper,
321 2660 351 2711 et
362 2650 434 2711 harro
445 2652 551 2731 primus
564 2670 628 2711 cum
642 2653 739 2730 primis
751 2653 815 2730 ipse
825 2661 958 2730 repertus

199 2752 275 2795 nunc
286 2752 343 2812 ego
355 2753 417 2794 sum
428 2737 456 2794 in
468 2735 571 2813 patrias
586 2738 632 2815 qui
645 2738 754 2815 possim
765 2743 881 2796 vertere
891 2752 993 2796 voces.

200 2818 313 2899 quodsi
328 2818 403 2879 forte
418 2818 507 2879 luisse
520 2819 637 2880 antehac
650 2818 750 2881 eadem
761 2821 852 2879 omnia
864 2819 976 2896 credis,

200 2903 253 2965 sed
264 2904 387 2982 periisse
401 2902 542 2963 hominum
554 2905 671 2965 torrenti
683 2902 781 2965 saecla
791 2921 919 2982 vapore,

135 2996 188 3051 340
198 2998 246 3049 aut
261 2987 402 3048 cecidisse
414 2989 491 3048 urbis
503 3005 605 3066 magno
617 2989 764 3048 vexamine
774 2987 885 3065 mundi,

199 3083 246 3133 aut
258 3091 295 3132 ex
305 3072 442 3133 imbribus
454 3070 578 3133 adsiduis
589 3073 687 3134 exisse
698 3089 826 3151 rapaces

199 3174 253 3236 per
263 3167 354 3217 terras
366 3174 465 3217 amnes
474 3166 559 3236 atque
571 3156 676 3236 oppida
689 3158 894 3235 cooperuisse,

198 3251 276 3301 tauto
288 3242 393 3320 quique
404 3242 494 3318 magis
504 3242 597 3301 victus
611 3239 719 3300 fateare
731 3249 884 3301 necessest

200 3327 315 3386 exitium
326 3342 442 3404 quoque
455 3335 592 3385 terrarum
605 3322 735 3402 caelique
746 3323 884 3385 futurum:

136 3417 187 3472 345
200 3428 264 3470 nam
276 3427 339 3470 cunr
349 3427 397 3469 res
410 3411 493 3469 tantis
505 3409 611 3469 morbis
623 3408 765 3488 tantisque
777 3406 895 3488 periclis

199 3501 419 3573 temptarentur,
432 3493 471 3552 ibi
483 3494 508 3552 si
522 3494 629 3552 tristior
640 3491 818 3554 incubuisset
