2288 3886
537 189 551 251 l

75 361 121 416 215
178 353 241 414 llnc
253 353 366 414 accedit
377 355 416 414 uti
428 355 551 433 quicque
563 355 591 414 in
603 372 654 415 sua
665 371 788 435 corpora
798 373 906 418 rursum
952 407 953 411 ,

134 437 271 499 dissoluat
280 447 378 498 natura
388 455 482 516 neque
493 437 528 497 ad
539 437 626 497 nilum
636 439 784 499 interemat
795 457 852 503 res.

134 540 197 582 nam
208 520 302 600 siquid
312 519 431 581 mortale
444 540 461 580 e
476 522 586 583 cunctis
598 522 724 600 partibus
736 535 836 606 esset,

133 623 171 666 ex
182 604 274 665 oculis
284 622 332 664 res
344 623 474 683 quaeque
488 614 608 683 repente
621 614 720 684 erepta
734 608 855 685 periret:

133 688 210 748 nulla
220 689 249 747 vi
260 688 335 748 ioret
345 706 413 748 usus
431 689 522 766 enim,
538 706 611 766 qnae
626 690 753 766 partibus
763 692 824 752 eius

73 781 121 834 220
135 771 283 834 discidium
293 789 395 850 parere
410 780 439 832 ct
451 790 540 832 nexus
553 770 705 834 exsolvere
716 784 826 852 posset.

133 855 307 935 quodnunc,
320 863 437 915 aeterno
453 857 518 933 quia
529 864 658 916 constant
675 859 783 918 semine
795 877 943 940 quaeque,

132 940 225 1000 donec
235 940 278 999 vis
291 939 376 1014 obiit,
393 956 524 1016 quaeres
537 938 699 999 diverberet
710 942 768 1002 ictu

132 1033 179 1083 ant
194 1025 268 1083 intus
280 1030 413 1100 penetret
422 1039 476 1100 per
485 1024 577 1083 inania
588 1021 801 1104 destitutique,

131 1105 235 1167 nullius
247 1107 362 1167 exitium
373 1108 476 1183 patitur
485 1116 582 1167 natura
592 1105 692 1166 videri.

67 1201 117 1254 225
133 1199 283 1271 praeterea
294 1207 366 1269 qnae
381 1208 501 1268 cumque
514 1199 656 1251 vetustate
667 1200 781 1251 amovet
791 1200 887 1271 aetas,

132 1277 156 1335 si
168 1275 282 1353 penitus
293 1274 414 1352 peremit
429 1290 598 1335 consumens
609 1276 754 1334 materiem
765 1293 892 1355 omnem,

132 1358 206 1418 unde
215 1356 334 1418 animale
345 1375 437 1434 genus
448 1359 605 1435 generatim
614 1356 755 1419 inlumina
768 1362 844 1421 vitae

131 1441 261 1502 redducit
272 1440 388 1518 Venus,
402 1451 448 1502 ant
460 1441 627 1503 redductum
640 1441 757 1504 daedala
768 1443 855 1504 tellus

131 1525 206 1586 unde
217 1523 266 1585 alit
278 1535 362 1603 atque
374 1535 459 1602 auget
470 1527 626 1603 generatim
637 1527 740 1606 pabula
751 1524 915 1607 praeberet

65 1618 120 1674 230
132 1609 207 1670 unde
219 1627 296 1669 mare
307 1610 422 1686 ingenui
434 1609 528 1670 lontes
541 1619 714 1691 externaque
727 1610 807 1690 large

23 1733 29 1743 ·
132 1693 245 1755 flumina
255 1690 458 1772 suppeditant?
469 1694 543 1753 unde
556 1693 655 1755 aether
666 1694 759 1755 sidera
773 1694 888 1775 pascit?

132 1779 223 1838 omnia
237 1779 311 1837 enim
323 1776 426 1854 debet,
437 1776 547 1838 mortali
563 1795 686 1856 corpore
698 1797 770 1857 quae
783 1789 864 1860 sunt,

130 1862 322 1922 inlinitaaetas
334 1877 506 1940 consumpse
517 1869 581 1920 ante
595 1869 658 1921 acta
672 1860 800 1940 diesque.

131 1944 243 2025 quodsi
256 1946 284 2005 in
296 1962 331 2005 eo
344 1944 436 2023 spatio
448 1952 532 2023 atque
544 1952 608 2004 ante
619 1953 682 2004 acta
692 1954 785 2005 aetate
798 1945 879 2006 luere

64 2038 118 2093 235
133 2049 150 2090 e
163 2029 264 2109 quibus
275 2028 348 2090 haec
358 2047 453 2089 rerum
465 2030 595 2089 consistit
605 2046 712 2090 summa
722 2030 849 2109 reiecta,

130 2112 270 2174 inmortali
281 2122 345 2174 sunt
359 2121 456 2173 natura
466 2113 594 2193 praedita
604 2124 703 2192 certe,

129 2197 196 2258 haut
206 2198 293 2275 igitur
302 2206 423 2275 possunt
434 2197 469 2257 ad
480 2197 566 2257 nilum
578 2216 708 2278 quaeque
719 2201 834 2260 reverti.

130 2282 252 2361 denique
263 2300 312 2342 res
324 2283 413 2342 omnis
426 2281 525 2343 eadem
536 2283 579 2342 vis
593 2300 734 2361 causaque
745 2282 833 2361 volgo

132 2367 305 2444 conficeret,
316 2367 369 2426 nisi
380 2369 512 2427 materies
524 2375 639 2427 aeterna
649 2375 778 2444 teneret,

65 2456 120 2512 ato
132 2451 205 2510 inter
216 2468 250 2510 se
260 2468 335 2510 nexu
346 2453 436 2511 minus
448 2459 494 2510 ant
505 2452 593 2527 magis
606 2449 783 2528 indupedita:

129 2543 222 2595 tactus
236 2536 310 2593 enim
320 2533 371 2595 leti
382 2536 450 2596 satis
462 2544 541 2596 esset
553 2552 638 2595 causa
649 2533 798 2613 prolecto;

130 2623 255 2701 quippe,
267 2621 314 2681 ubi
325 2620 402 2682 nulla
413 2622 506 2682 iorent
517 2630 634 2681 aeterno
648 2636 786 2700 corpore,
800 2637 919 2700 qnorum

130 2715 292 2767 contextum
303 2707 346 2768 vis
359 2705 478 2768 deberet
489 2705 648 2767 dissolvere
660 2723 798 2785 quaeque.

128 2799 156 2850 at
167 2807 260 2866 nunc,
271 2792 345 2850 inter
355 2809 388 2851 se
400 2793 465 2870 quia
476 2809 566 2851 nexus
578 2791 779 2870 principiorum

64 2881 117 2936 att
132 2872 283 2938 dissimiles
298 2883 428 2935 constant
438 2885 610 2953 aeternaque
622 2876 754 2936 materies
768 2883 829 2953 est,

128 2957 262 3018 incolumi
272 2969 418 3020 remanent
428 2977 476 3020 res
486 2976 626 3038 corpore,
640 2957 704 3017 dum
716 2960 784 3020 satis
795 2959 869 3021 acris

128 3043 172 3102 vis
184 3043 269 3102 obeat
280 3059 333 3121 pro
344 3052 455 3103 textura
467 3043 603 3120 cuiusque
612 3051 736 3121 reperta.

127 3126 202 3186 haud
212 3127 298 3204 igitur
307 3125 381 3187 redit
392 3126 427 3186 ad
436 3126 522 3186 nilum
533 3145 581 3186 res
595 3123 668 3203 nlla,
682 3124 735 3186 sed
745 3142 844 3187 omnes

128 3208 248 3271 discidio
259 3209 379 3271 redeunt
389 3212 417 3270 in
429 3228 551 3291 corpora
560 3211 693 3270 materiai.

61 3302 115 3357 ato
130 3302 276 3373 postremo
288 3303 409 3373 pereunt
420 3295 542 3371 imbres,
555 3293 603 3353 ubi
613 3298 666 3354 'eos
677 3303 758 3373 pater
769 3290 868 3356 aether

127 3379 156 3437 in
167 3379 303 3455 gremium
312 3379 406 3439 matris
418 3379 503 3438 terrai
513 3378 724 3457 praecipitarit:

49 3484 56 3496 ·
128 3468 156 3520 at
166 3460 269 3521 nitidae
282 3471 400 3541 surgunt
410 3461 662 3541 fruges‚ramique
673 3461 817 3520 virescunt
