2288 3886
543 190 588 249 v1

79 364 136 419 625
147 369 207 412 nna
218 362 304 413 nocte
317 354 377 413 uias
393 352 522 430 quoniam
536 373 678 434 persaepe
693 354 821 418 uidemus

152 437 258 497 siccari
268 434 422 514 mollisque
433 434 485 496 luti
499 456 691 500 concrescere
705 449 823 501 crustas.

152 528 305 600 practerea
317 519 401 580 docui
410 518 527 581 multum
538 539 652 601 quoqne
661 521 765 585 tollere
776 525 867 586 nubes

153 621 282 664 umorem
297 620 400 681 magno
414 615 585 685 conceptum
599 624 637 666 ex
652 624 778 684 aequore
790 611 886 688 ponti,

154 697 184 748 et
196 689 303 767 passim
315 695 377 748 toto
389 697 526 748 terrarum
538 707 677 768 spargere
690 692 718 748 in
730 692 807 769 orbi,

86 780 143 838 630
157 790 220 833 cum
235 771 308 851 pluit
318 774 347 831 in
357 773 442 832 terris
454 782 484 832 et
494 776 572 834 venti
584 772 679 833 nubila
690 784 811 852 portant.

155 866 302 936 postremo
317 858 448 934 quoniam
459 874 523 917 raro
540 875 604 918 cum
617 874 739 936 corpore
752 857 838 919 tellus

156 949 218 1018 cst,
231 950 260 1001 et
272 942 467 1018 coniunctast,
482 958 546 1001 oras
556 943 640 1002 maris
655 941 779 1020 undique
792 945 928 1021 cingens,

156 1023 261 1101 debetr,
273 1034 304 1084 ut
315 1026 344 1084 in
357 1042 434 1084 mare
447 1025 483 1085 de
494 1027 578 1086 terris
589 1028 667 1086 venit
678 1043 758 1085 umor
770 1028 867 1105 aquai,

154 1111 183 1169 in
195 1118 285 1169 terras
296 1107 393 1168 itidem
404 1127 515 1170 manare
528 1128 566 1168 ex
577 1127 703 1188 aequore
719 1109 810 1170 salso:

87 1202 143 1259 635
158 1191 323 1273 percolatur
334 1194 409 1252 enim
420 1194 516 1271 virus,
529 1202 664 1272 retroque
676 1204 800 1254 remanat

155 1277 288 1337 materies
302 1278 406 1337 umoris
419 1286 448 1336 et
462 1277 496 1337 ad
509 1286 594 1356 caput
609 1277 736 1338 amnibus
750 1279 840 1338 omnis

157 1360 291 1438 confluit,
304 1360 369 1420 inde
381 1377 469 1438 super
480 1370 570 1421 terras
582 1361 655 1422 redit
670 1363 781 1438 agmine
794 1360 870 1421 dulci

157 1464 212 1525 qua
222 1446 268 1504 via
279 1454 360 1506 secta
371 1444 461 1505 semel
474 1444 582 1524 liquido
594 1445 669 1524 pede
682 1444 783 1505 detulit
793 1445 891 1506 undas.
917 1443 930 1528 ll

198 1527 281 1588 Nunc
292 1530 363 1589 ratio
377 1546 449 1608 quae
461 1532 514 1606 sit,
526 1548 579 1608 per
590 1529 689 1590 lauces
701 1532 803 1591 montis
814 1540 845 1591 ut
856 1530 967 1592 Aetnae

67 1621 143 1691 ,640
157 1615 289 1693 expirent
301 1614 384 1691 ignes
396 1613 534 1673 interdum
545 1615 657 1675 turbine
670 1623 763 1691 tanto,

157 1697 321 1777 expediam:
334 1699 515 1776 nequeenim
526 1697 664 1759 mediocri
677 1698 757 1758 clade
770 1711 869 1760 coorta

158 1781 285 1843 ilammea
296 1791 453 1860 tempestas
465 1781 591 1841 Siculum
603 1781 741 1841 dominata
751 1799 900 1860 peragras

157 1867 279 1927 finitimis
290 1864 324 1925 ad
337 1885 370 1928 se
384 1867 525 1926 convertit
536 1865 669 1942 gentibus
682 1881 747 1940 ora,

157 1950 261 2010 fumida
273 1969 337 2010 eum
350 1951 423 2011 caeli
435 1948 589 2012 scintillare
601 1950 691 2009 omnia
704 1947 809 2026 templa

91 2044 144 2100 645
160 2043 313 2096 cernentes
327 2033 427 2112 pavida
441 2033 622 2113 complebant
633 2041 752 2112 pectora
765 2050 848 2110 cura,

159 2118 226 2198 quid
237 2117 385 2179 moliretur
396 2136 489 2178 rerum
501 2129 598 2180 natura
608 2136 752 2178 novarum.

200 2202 288 2264 Hisce
300 2203 350 2262 tibi
362 2204 389 2261 in
400 2204 487 2264 rebus
498 2203 582 2265 latest
594 2203 708 2282 alteque
719 2200 868 2262 videndum

160 2295 189 2347 et
201 2286 288 2365 longe
302 2295 418 2348 cunctas
430 2289 458 2347 in
470 2289 556 2366 partis
569 2284 790 2364 dispiciendum,

159 2380 190 2432 ut
202 2372 392 2432 reminiscaris
408 2389 542 2431 summam
552 2389 646 2431 rerum
658 2387 725 2430 esse
737 2366 919 2447 profundam,

90 2465 147 2520 650
161 2464 191 2516 et
201 2456 300 2516 videas
312 2455 422 2515 caelum
433 2457 549 2517 summai
561 2457 647 2516 totius
659 2471 742 2512 unum

161 2558 244 2618 quarn
255 2541 292 2601 sit
302 2537 419 2617 parvula
433 2558 498 2619 pars
512 2549 541 2600 et
554 2557 636 2617 quarn
645 2536 803 2597 multesima
817 2543 945 2611 constet,

161 2641 217 2684 nec
228 2632 287 2684 tota
299 2642 382 2703 pars,
398 2624 483 2684 bomo
496 2625 581 2684 terrai
593 2633 679 2702 quota
690 2623 777 2682 totius
788 2638 869 2679 unus.

163 2707 239 2785 quod
251 2707 325 2767 bene
339 2710 517 2786 propositum
532 2710 556 2769 si
568 2707 653 2787 plane
666 2715 818 2767 contueare

162 2808 196 2851 ac
206 2791 304 2853 videas
315 2791 417 2870 plane,
428 2793 521 2853 mirari
531 2791 618 2853 multa
628 2792 781 2870 relinquas.

94 2885 149 2938 655
163 2878 294 2954 numquis
306 2877 381 2935 enim
391 2885 519 2937 nostrum
529 2879 660 2953 miratur,
673 2877 761 2953 siquis
774 2875 801 2934 in
812 2884 888 2935 artus

163 2962 277 3039 accepit
289 2959 380 3020 calido
392 2960 494 3021 febrim
505 2960 620 3020 fervore
635 2969 761 3019 coortam

162 3053 209 3104 aut
220 3042 304 3103 alium
316 3047 445 3124 quemvis
456 3044 547 3104 morbi
560 3061 613 3122 per
622 3042 747 3102 membra
759 3036 907 3100 dolorem‘l

165 3131 344 3208 opturgescit
354 3131 428 3190 enim
439 3129 533 3189 subito
545 3146 615 3207 pes,
628 3126 725 3204 arripit
739 3142 807 3184 acer

164 3231 252 3292 saepe
265 3211 347 3273 dolor
361 3211 594 3289 dentes,·oculos
606 3209 710 3270 invadit
721 3211 748 3267 in
759 3208 856 3286 ipsos,

99 3305 153 3360 660
165 3299 260 3357 existit
271 3315 354 3359 sacer
365 3299 438 3375 ignis
452 3305 481 3356 et
490 3298 544 3356 urit
559 3313 680 3374 corpore
692 3310 813 3371 serpens

167 3399 372 3459 quamcumquc
384 3383 500 3460 arripuit
513 3381 630 3459 partim,
644 3380 776 3457 repitque
787 3393 840 3455 per
850 3384 943 3452 artus,

168 3467 311 3543 nimirum,
326 3467 389 3543 quia
401 3475 466 3526 sunt
476 3465 622 3525 multarum
634 3465 741 3525 semina
752 3478 862 3538 rerum,
