<?xml version="1.0" encoding="UTF-8"?>
<!DOCTYPE html PUBLIC "-//W3C//DTD XHTML 1.0 Transitional//EN"
    "http://www.w3.org/TR/xhtml1/DTD/xhtml1-transitional.dtd">
<html xmlns="http://www.w3.org/1999/xhtml" xml:lang="en" lang="en">
 <head>
  <title>
</title>
<meta http-equiv="Content-Type" content="text/html;charset=utf-8" />
  <meta name='ocr-system' content='tesseract 3.04.00' />
  <meta name='ocr-capabilities' content='ocr_page ocr_carea ocr_par ocr_line ocrx_word'/>
</head>
<body>
  <div class='ocr_page' id='page_1' title='image "./tlucreticarider07carugoog_0145.png"; bbox 0 0 2288 3886; ppageno 0'>
   <div class='ocr_carea' id='block_1_1' title="bbox 553 207 578 266">
    <p class='ocr_par' dir='ltr' id='par_1_1' title="bbox 553 207 578 266">
     <span class='ocr_line' id='line_1_1' title="bbox 553 207 578 266; baseline 0 0"><span class='ocrx_word' id='word_1_1' title='bbox 553 207 578 266; x_wconf 84' lang='lat' dir='ltr'>V</span> 
     </span>
    </p>
   </div>
   <div class='ocr_carea' id='block_1_2' title="bbox 63 374 885 1876">
    <p class='ocr_par' dir='ltr' id='par_1_2' title="bbox 63 374 885 1876">
     <span class='ocr_line' id='line_1_2' title="bbox 146 374 846 453; baseline 0 -17"><span class='ocrx_word' id='word_1_2' title='bbox 146 376 278 436; x_wconf 85' lang='lat' dir='ltr'>clunibus</span> <span class='ocrx_word' id='word_1_3' title='bbox 293 377 355 453; x_wconf 84' lang='lat' dir='ltr'>ipsu</span> <span class='ocrx_word' id='word_1_4' title='bbox 370 375 421 431; x_wconf 90' lang='lat' dir='ltr'>viri</span> <span class='ocrx_word' id='word_1_5' title='bbox 437 374 581 433; x_wconf 74' lang='lat' dir='ltr'>Venereuu</span> <span class='ocrx_word' id='word_1_6' title='bbox 593 375 618 434; x_wconf 88' lang='lat' dir='ltr'>si</span> <span class='ocrx_word' id='word_1_7' title='bbox 629 374 846 436; x_wconf 82' lang='lat' dir='ltr'>laetaretractut</span> 
     </span>
     <span class='ocr_line' id='line_1_3' title="bbox 144 458 798 538; baseline 0 -18"><span class='ocrx_word' id='word_1_8' title='bbox 144 471 230 538; x_wconf 86' lang='lat' dir='ltr'>atquo</span> <span class='ocrx_word' id='word_1_9' title='bbox 243 467 378 519; x_wconf 84' lang='lat' dir='ltr'>exossato</span> <span class='ocrx_word' id='word_1_10' title='bbox 392 459 448 516; x_wconf 90' lang='lat' dir='ltr'>ciet</span> <span class='ocrx_word' id='word_1_11' title='bbox 462 459 536 516; x_wconf 89' lang='lat' dir='ltr'>omni</span> <span class='ocrx_word' id='word_1_12' title='bbox 547 466 667 534; x_wconf 89' lang='lat' dir='ltr'>pectore</span> <span class='ocrx_word' id='word_1_13' title='bbox 679 458 798 520; x_wconf 88' lang='lat' dir='ltr'>ductus:</span> 
     </span>
     <span class='ocr_line' id='line_1_4' title="bbox 144 535 759 621; baseline -0.003 -18"><span class='ocrx_word' id='word_1_14' title='bbox 144 545 212 604; x_wconf 90' lang='lat' dir='ltr'>eicit</span> <span class='ocrx_word' id='word_1_15' title='bbox 223 545 298 603; x_wconf 88' lang='lat' dir='ltr'>enirn</span> <span class='ocrx_word' id='word_1_16' title='bbox 309 539 419 601; x_wconf 89' lang='lat' dir='ltr'>sulcum</span> <span class='ocrx_word' id='word_1_17' title='bbox 432 535 512 600; x_wconf 80' lang='lat' dir='ltr'>recta</span> <span class='ocrx_word' id='word_1_18' title='bbox 525 542 644 617; x_wconf 79' lang='lat' dir='ltr'>regione</span> <span class='ocrx_word' id='word_1_19' title='bbox 658 544 759 621; x_wconf 80' lang='lat' dir='ltr'>viaque</span> 
     </span>
     <span class='ocr_line' id='line_1_5' title="bbox 63 624 816 704; baseline -0.009 -11"><span class='ocrx_word' id='word_1_20' title='bbox 63 639 126 693; x_wconf 68' lang='lat'>2265</span> <span class='ocrx_word' id='word_1_21' title='bbox 143 629 286 704; x_wconf 87' lang='lat' dir='ltr'>vomeris,</span> <span class='ocrx_word' id='word_1_22' title='bbox 301 635 387 703; x_wconf 85' lang='lat' dir='ltr'>atque</span> <span class='ocrx_word' id='word_1_23' title='bbox 398 624 472 684; x_wconf 90' lang='lat' dir='ltr'>locis</span> <span class='ocrx_word' id='word_1_24' title='bbox 484 627 585 684; x_wconf 82' lang='lat' dir='ltr'>avertit</span> <span class='ocrx_word' id='word_1_25' title='bbox 596 627 710 685; x_wconf 87' lang='lat' dir='ltr'>seminis</span> <span class='ocrx_word' id='word_1_26' title='bbox 722 628 816 686; x_wconf 88' lang='lat' dir='ltr'>ictum.</span> 
     </span>
     <span class='ocr_line' id='line_1_6' title="bbox 142 710 814 790; baseline -0.003 -19"><span class='ocrx_word' id='word_1_27' title='bbox 142 710 229 790; x_wconf 89' lang='lat' dir='ltr'>idque</span> <span class='ocrx_word' id='word_1_28' title='bbox 241 729 292 770; x_wconf 83' lang='lat' dir='ltr'>sua</span> <span class='ocrx_word' id='word_1_29' title='bbox 305 726 388 768; x_wconf 83' lang='lat' dir='ltr'>cause</span> <span class='ocrx_word' id='word_1_30' title='bbox 401 717 573 767; x_wconf 90' lang='lat' dir='ltr'>consuerunt</span> <span class='ocrx_word' id='word_1_31' title='bbox 584 719 680 769; x_wconf 81' lang='lat' dir='ltr'>scorto</span> <span class='ocrx_word' id='word_1_32' title='bbox 690 714 814 788; x_wconf 85' lang='lat' dir='ltr'>moveri,</span> 
     </span>
     <span class='ocr_line' id='line_1_7' title="bbox 142 791 878 872; baseline 0.001 -18"><span class='ocrx_word' id='word_1_33' title='bbox 142 815 180 854; x_wconf 90' lang='lat' dir='ltr'>ne</span> <span class='ocrx_word' id='word_1_34' title='bbox 191 793 405 872; x_wconf 80' lang='lat' dir='ltr'>complerentur</span> <span class='ocrx_word' id='word_1_35' title='bbox 416 792 519 851; x_wconf 87' lang='lat' dir='ltr'>crebro</span> <span class='ocrx_word' id='word_1_36' title='bbox 532 791 723 872; x_wconf 79' lang='lat' dir='ltr'>gravidaeque</span> <span class='ocrx_word' id='word_1_37' title='bbox 734 795 878 872; x_wconf 79' lang='lat' dir='ltr'>iacerent,</span> 
     </span>
     <span class='ocr_line' id='line_1_8' title="bbox 143 875 852 955; baseline -0.003 -16"><span class='ocrx_word' id='word_1_38' title='bbox 143 889 173 939; x_wconf 87' lang='lat' dir='ltr'>ct</span> <span class='ocrx_word' id='word_1_39' title='bbox 187 878 269 938; x_wconf 89' lang='lat' dir='ltr'>simul</span> <span class='ocrx_word' id='word_1_40' title='bbox 280 879 343 955; x_wconf 82' lang='lat' dir='ltr'>ipsa</span> <span class='ocrx_word' id='word_1_41' title='bbox 353 877 420 935; x_wconf 89' lang='lat' dir='ltr'>viris</span> <span class='ocrx_word' id='word_1_42' title='bbox 434 875 530 934; x_wconf 89' lang='lat' dir='ltr'>Venus</span> <span class='ocrx_word' id='word_1_43' title='bbox 542 885 572 936; x_wconf 93' lang='lat' dir='ltr'>ut</span> <span class='ocrx_word' id='word_1_44' title='bbox 584 879 748 936; x_wconf 80' lang='lat' dir='ltr'>concinnior</span> <span class='ocrx_word' id='word_1_45' title='bbox 759 888 852 946; x_wconf 90' lang='lat' dir='ltr'>esset;</span> 
     </span>
     <span class='ocr_line' id='line_1_9' title="bbox 143 958 866 1039; baseline -0.003 -17"><span class='ocrx_word' id='word_1_46' title='bbox 143 962 312 1039; x_wconf 86' lang='lat' dir='ltr'>coniugibus</span> <span class='ocrx_word' id='word_1_47' title='bbox 325 959 400 1037; x_wconf 91' lang='lat' dir='ltr'>quod</span> <span class='ocrx_word' id='word_1_48' title='bbox 412 958 451 1017; x_wconf 88' lang='lat' dir='ltr'>nil</span> <span class='ocrx_word' id='word_1_49' title='bbox 463 961 568 1019; x_wconf 87' lang='lat' dir='ltr'>nostris</span> <span class='ocrx_word' id='word_1_50' title='bbox 580 977 652 1038; x_wconf 89' lang='lat' dir='ltr'>opus</span> <span class='ocrx_word' id='word_1_51' title='bbox 668 979 735 1020; x_wconf 89' lang='lat' dir='ltr'>esse</span> <span class='ocrx_word' id='word_1_52' title='bbox 745 961 866 1020; x_wconf 83' lang='lat' dir='ltr'>uidetur.</span> 
     </span>
     <span class='ocr_line' id='line_1_10' title="bbox 63 1041 862 1123; baseline -0.008 -14"><span class='ocrx_word' id='word_1_53' title='bbox 63 1055 128 1109; x_wconf 74' lang='lat'><strong>[270</strong></span> <span class='ocrx_word' id='word_1_54' title='bbox 184 1045 247 1105; x_wconf 89' lang='lat' dir='ltr'>Nec</span> <span class='ocrx_word' id='word_1_55' title='bbox 263 1044 394 1103; x_wconf 89' lang='lat' dir='ltr'>divinitus</span> <span class='ocrx_word' id='word_1_56' title='bbox 409 1041 547 1101; x_wconf 87' lang='lat' dir='ltr'>interdum</span> <span class='ocrx_word' id='word_1_57' title='bbox 556 1041 736 1123; x_wconf 86' lang='lat' dir='ltr'>Venerisque</span> <span class='ocrx_word' id='word_1_58' title='bbox 751 1046 862 1121; x_wconf 80' lang='lat' dir='ltr'><strong>sagittis</strong></span> 
     </span>
     <span class='ocr_line' id='line_1_11' title="bbox 143 1125 781 1190; baseline -0.005 0"><span class='ocrx_word' id='word_1_59' title='bbox 143 1131 287 1190; x_wconf 83' lang='lat' dir='ltr'>deteriore</span> <span class='ocrx_word' id='word_1_60' title='bbox 301 1129 330 1187; x_wconf 88' lang='lat' dir='ltr'>iit</span> <span class='ocrx_word' id='word_1_61' title='bbox 342 1136 372 1185; x_wconf 92' lang='lat' dir='ltr'>ut</span> <span class='ocrx_word' id='word_1_62' title='bbox 385 1127 474 1185; x_wconf 77' lang='lat' dir='ltr'>forma</span> <span class='ocrx_word' id='word_1_63' title='bbox 484 1125 781 1187; x_wconf 80' lang='lat' dir='ltr'>mulierculuumetur:</span> 
     </span>
     <span class='ocr_line' id='line_1_12' title="bbox 143 1210 864 1290; baseline 0 -19"><span class='ocrx_word' id='word_1_64' title='bbox 143 1231 205 1272; x_wconf 81' lang='lat' dir='ltr'>nam</span> <span class='ocrx_word' id='word_1_65' title='bbox 216 1212 284 1272; x_wconf 84' lang='lat' dir='ltr'>facit</span> <span class='ocrx_word' id='word_1_66' title='bbox 299 1213 361 1290; x_wconf 86' lang='lat' dir='ltr'>ipsa</span> <span class='ocrx_word' id='word_1_67' title='bbox 372 1211 431 1270; x_wconf 78' lang='lat' dir='ltr'>suls</span> <span class='ocrx_word' id='word_1_68' title='bbox 446 1210 585 1270; x_wconf 87' lang='lat' dir='ltr'>interdum</span> <span class='ocrx_word' id='word_1_69' title='bbox 595 1211 699 1271; x_wconf 80' lang='lat' dir='ltr'>femine</span> <span class='ocrx_word' id='word_1_70' title='bbox 713 1211 796 1271; x_wconf 77' lang='lat' dir='ltr'>iactis</span> <span class='ocrx_word' id='word_1_71' title='bbox 862 1215 864 1220; x_wconf 82' lang='lat'>&#39;</span> 
     </span>
     <span class='ocr_line' id='line_1_13' title="bbox 142 1293 858 1375; baseline 0 -21"><span class='ocrx_word' id='word_1_72' title='bbox 142 1298 351 1375; x_wconf 84' lang='lat' dir='ltr'>morigerisque</span> <span class='ocrx_word' id='word_1_73' title='bbox 363 1293 453 1354; x_wconf 89' lang='lat' dir='ltr'>modis</span> <span class='ocrx_word' id='word_1_74' title='bbox 467 1304 496 1353; x_wconf 91' lang='lat' dir='ltr'>et</span> <span class='ocrx_word' id='word_1_75' title='bbox 508 1294 610 1354; x_wconf 89' lang='lat' dir='ltr'>munde</span> <span class='ocrx_word' id='word_1_76' title='bbox 622 1312 746 1374; x_wconf 88' lang='lat' dir='ltr'>corpore</span> <span class='ocrx_word' id='word_1_77' title='bbox 761 1294 858 1373; x_wconf 84' lang='lat' dir='ltr'>culto,</span> 
     </span>
     <span class='ocr_line' id='line_1_14' title="bbox 143 1378 808 1456; baseline -0.002 -17"><span class='ocrx_word' id='word_1_78' title='bbox 143 1389 173 1439; x_wconf 92' lang='lat' dir='ltr'>ut</span> <span class='ocrx_word' id='word_1_79' title='bbox 184 1379 268 1440; x_wconf 79' lang='lat' dir='ltr'>facile</span> <span class='ocrx_word' id='word_1_80' title='bbox 280 1381 424 1439; x_wconf 80' lang='lat' dir='ltr'>insuescat</span> <span class='ocrx_word' id='word_1_81' title='bbox 441 1388 468 1438; x_wconf 88' lang='lat' dir='ltr'>te</span> <span class='ocrx_word' id='word_1_82' title='bbox 481 1397 580 1438; x_wconf 90' lang='lat' dir='ltr'>secum</span> <span class='ocrx_word' id='word_1_83' title='bbox 595 1378 702 1456; x_wconf 82' lang='lat' dir='ltr'>degere</span> <span class='ocrx_word' id='word_1_84' title='bbox 715 1382 808 1440; x_wconf 84' lang='lat' dir='ltr'>vitam.</span> 
     </span>
     <span class='ocr_line' id='line_1_15' title="bbox 63 1463 885 1543; baseline -0.001 -17"><span class='ocrx_word' id='word_1_85' title='bbox 63 1471 126 1526; x_wconf 75' lang='lat' dir='ltr'>retu</span> <span class='ocrx_word' id='word_1_86' title='bbox 144 1464 219 1543; x_wconf 94' lang='lat' dir='ltr'>quod</span> <span class='ocrx_word' id='word_1_87' title='bbox 231 1471 382 1542; x_wconf 89' lang='lat' dir='ltr'>superest,</span> <span class='ocrx_word' id='word_1_88' title='bbox 396 1463 572 1522; x_wconf 90' lang='lat' dir='ltr'>consuetudo</span> <span class='ocrx_word' id='word_1_89' title='bbox 586 1466 734 1524; x_wconf 81' lang='lat' dir='ltr'>concinnat</span> <span class='ocrx_word' id='word_1_90' title='bbox 746 1481 885 1526; x_wconf 82' lang='lat' dir='ltr'>umorem:</span> 
     </span>
     <span class='ocr_line' id='line_1_16' title="bbox 142 1547 882 1626; baseline 0.001 -19"><span class='ocrx_word' id='word_1_91' title='bbox 142 1567 205 1607; x_wconf 85' lang='lat' dir='ltr'>nam</span> <span class='ocrx_word' id='word_1_92' title='bbox 216 1547 320 1608; x_wconf 87' lang='lat' dir='ltr'>leviter</span> <span class='ocrx_word' id='word_1_93' title='bbox 334 1547 460 1625; x_wconf 86' lang='lat' dir='ltr'>quamvis</span> <span class='ocrx_word' id='word_1_94' title='bbox 473 1547 548 1624; x_wconf 90' lang='lat' dir='ltr'>quod</span> <span class='ocrx_word' id='word_1_95' title='bbox 561 1547 663 1608; x_wconf 88' lang='lat' dir='ltr'>crebro</span> <span class='ocrx_word' id='word_1_96' title='bbox 674 1548 798 1609; x_wconf 91' lang='lat' dir='ltr'>tunditur</span> <span class='ocrx_word' id='word_1_97' title='bbox 807 1550 882 1626; x_wconf 85' lang='lat' dir='ltr'>ictu,</span> 
     </span>
     <span class='ocr_line' id='line_1_17' title="bbox 142 1630 847 1712; baseline 0 -21"><span class='ocrx_word' id='word_1_98' title='bbox 142 1635 264 1692; x_wconf 89' lang='lat' dir='ltr'>vincitur</span> <span class='ocrx_word' id='word_1_99' title='bbox 276 1634 305 1690; x_wconf 91' lang='lat' dir='ltr'>in</span> <span class='ocrx_word' id='word_1_100' title='bbox 317 1630 404 1708; x_wconf 88' lang='lat' dir='ltr'>longo</span> <span class='ocrx_word' id='word_1_101' title='bbox 416 1633 508 1708; x_wconf 82' lang='lat' dir='ltr'>spatio</span> <span class='ocrx_word' id='word_1_102' title='bbox 521 1641 613 1691; x_wconf 83' lang='lat' dir='ltr'>tamen</span> <span class='ocrx_word' id='word_1_103' title='bbox 624 1641 708 1712; x_wconf 82' lang='lat' dir='ltr'>atque</span> <span class='ocrx_word' id='word_1_104' title='bbox 720 1632 847 1693; x_wconf 79' lang='lat' dir='ltr'>labescit.</span> 
     </span>
     <span class='ocr_line' id='line_1_18' title="bbox 141 1715 786 1791; baseline 0 -16"><span class='ocrx_word' id='word_1_105' title='bbox 141 1734 235 1775; x_wconf 88' lang='lat' dir='ltr'>nonne</span> <span class='ocrx_word' id='word_1_106' title='bbox 246 1715 327 1775; x_wconf 89' lang='lat' dir='ltr'>vides</span> <span class='ocrx_word' id='word_1_107' title='bbox 340 1717 423 1774; x_wconf 83' lang='lat' dir='ltr'>etiarn</span> <span class='ocrx_word' id='word_1_108' title='bbox 434 1723 528 1791; x_wconf 87' lang='lat' dir='ltr'>guttas</span> <span class='ocrx_word' id='word_1_109' title='bbox 540 1717 568 1773; x_wconf 92' lang='lat' dir='ltr'>in</span> <span class='ocrx_word' id='word_1_110' title='bbox 579 1733 647 1775; x_wconf 79' lang='lat' dir='ltr'>saxu</span> <span class='ocrx_word' id='word_1_111' title='bbox 660 1715 786 1776; x_wconf 83' lang='lat' dir='ltr'>cadentis</span> 
     </span>
     <span class='ocr_line' id='line_1_19' title="bbox 143 1795 776 1876; baseline -0.002 -19"><span class='ocrx_word' id='word_1_112' title='bbox 143 1802 246 1859; x_wconf 90' lang='lat' dir='ltr'>umoris</span> <span class='ocrx_word' id='word_1_113' title='bbox 259 1798 346 1875; x_wconf 88' lang='lat' dir='ltr'>longo</span> <span class='ocrx_word' id='word_1_114' title='bbox 357 1800 385 1857; x_wconf 90' lang='lat' dir='ltr'>in</span> <span class='ocrx_word' id='word_1_115' title='bbox 399 1799 490 1876; x_wconf 79' lang='lat' dir='ltr'>spatio</span> <span class='ocrx_word' id='word_1_116' title='bbox 503 1798 674 1875; x_wconf 84' lang='lat' dir='ltr'>pertundere</span> <span class='ocrx_word' id='word_1_117' title='bbox 689 1795 776 1858; x_wconf 77' lang='lat' dir='ltr'>sexui</span> 
     </span>
    </p>
   </div>
   <div class='ocr_carea' id='block_1_3' title="bbox 405 2064 698 2073">
    <p class='ocr_par' dir='ltr' id='par_1_3' title="bbox 405 2064 698 2073">
     <span class='ocr_line' id='line_1_20' title="bbox 405 2064 698 2073; baseline -0.01 0"><span class='ocrx_word' id='word_1_118' title='bbox 405 2064 565 2073; x_wconf 69' lang='lat'>...--·—-.-</span> <span class='ocrx_word' id='word_1_119' title='bbox 568 2064 698 2071; x_wconf 45' lang='grc' dir='ltr'>...η-</span> 
     </span>
    </p>
   </div>
   <div class='ocr_carea' id='block_1_4' title="bbox 309 2335 807 2429">
    <p class='ocr_par' dir='ltr' id='par_1_4' title="bbox 309 2335 807 2429">
     <span class='ocr_line' id='line_1_21' title="bbox 309 2335 807 2429; baseline 0.002 -1"><span class='ocrx_word' id='word_1_120' title='bbox 309 2338 346 2428; x_wconf 78' lang='grc' dir='ltr'>Τ.</span> <span class='ocrx_word' id='word_1_121' title='bbox 372 2335 626 2429; x_wconf 76' lang='lat' dir='ltr'>utuntur</span> <span class='ocrx_word' id='word_1_122' title='bbox 664 2338 807 2429; x_wconf 72' lang='lat' dir='ltr'>(1de</span> 
     </span>
    </p>
   </div>
   <div class='ocr_carea' id='block_1_5' title="bbox 138 2498 973 2802">
    <p class='ocr_par' dir='ltr' id='par_1_5' title="bbox 138 2498 973 2802">
     <span class='ocr_line' id='line_1_22' title="bbox 138 2498 973 2631; baseline 0 -4"><span class='ocrx_word' id='word_1_123' title='bbox 138 2515 229 2628; x_wconf 89' lang='lat' dir='ltr'>nn</span> <span class='ocrx_word' id='word_1_124' title='bbox 289 2498 581 2631; x_wconf 73' lang='lat' dir='ltr'>nn&#39;nun</span> <span class='ocrx_word' id='word_1_125' title='bbox 637 2514 973 2631; x_wconf 84' lang='lat' dir='ltr'>unrunn</span> 
     </span>
     <span class='ocr_line' id='line_1_23' title="bbox 368 2710 749 2802; baseline 0.005 -11"><span class='ocrx_word' id='word_1_126' title='bbox 368 2710 510 2791; x_wconf 81' lang='lat' dir='ltr'>trouu</span> <span class='ocrx_word' id='word_1_127' title='bbox 537 2711 749 2802; x_wconf 74' lang='lat' dir='ltr'>tuturos</span> 
     </span>
    </p>
   </div>
   <div class='ocr_carea' id='block_1_6' title="bbox 462 2931 642 2938">
    <p class='ocr_par' dir='ltr' id='par_1_6' title="bbox 462 2931 642 2938">
     <span class='ocr_line' id='line_1_24' title="bbox 462 2931 642 2938; baseline 0 0"><span class='ocrx_word' id='word_1_128' title='bbox 462 2931 642 2938; x_wconf 74' lang='grc' dir='ltr'>-ι--.--.--.-</span> 
     </span>
    </p>
   </div>
   <div class='ocr_carea' id='block_1_7' title="bbox 107 3063 880 3534">
    <p class='ocr_par' dir='ltr' id='par_1_7' title="bbox 137 3063 880 3448">
     <span class='ocr_line' id='line_1_25' title="bbox 142 3063 880 3196; baseline 0.005 -24"><span class='ocrx_word' id='word_1_129' title='bbox 142 3063 215 3189; x_wconf 66' lang='grc' dir='ltr'>θυῖε</span> <span class='ocrx_word' id='word_1_130' title='bbox 229 3117 304 3192; x_wconf 92' lang='lat' dir='ltr'>potis</span> <span class='ocrx_word' id='word_1_131' title='bbox 318 3125 362 3176; x_wconf 85' lang='lat' dir='ltr'>est</span> <span class='ocrx_word' id='word_1_132' title='bbox 375 3116 487 3192; x_wconf 87' lang='lat' dir='ltr'>dignum</span> <span class='ocrx_word' id='word_1_133' title='bbox 500 3117 620 3196; x_wconf 87' lang='lat' dir='ltr'>pollenti</span> <span class='ocrx_word' id='word_1_134' title='bbox 633 3127 753 3196; x_wconf 82' lang='lat' dir='ltr'>pectore</span> <span class='ocrx_word' id='word_1_135' title='bbox 766 3135 880 3177; x_wconf 80' lang='lat' dir='ltr'>carmon</span> 
     </span>
     <span class='ocr_line' id='line_1_26' title="bbox 139 3197 863 3280; baseline 0.004 -22"><span class='ocrx_word' id='word_1_136' title='bbox 139 3197 265 3258; x_wconf 88' lang='lat' dir='ltr'>condere</span> <span class='ocrx_word' id='word_1_137' title='bbox 277 3218 329 3278; x_wconf 92' lang='lat' dir='ltr'>pro</span> <span class='ocrx_word' id='word_1_138' title='bbox 341 3218 434 3259; x_wconf 88' lang='lat' dir='ltr'>rerum</span> <span class='ocrx_word' id='word_1_139' title='bbox 447 3201 592 3261; x_wconf 82' lang='lat' dir='ltr'>maiestate</span> <span class='ocrx_word' id='word_1_140' title='bbox 604 3199 706 3279; x_wconf 86' lang='lat' dir='ltr'>hisque</span> <span class='ocrx_word' id='word_1_141' title='bbox 717 3197 863 3280; x_wconf 81' lang='lat' dir='ltr'>repertis?</span> 
     </span>
     <span class='ocr_line' id='line_1_27' title="bbox 139 3282 858 3363; baseline 0.008 -23"><span class='ocrx_word' id='word_1_142' title='bbox 139 3284 239 3361; x_wconf 86' lang='lat' dir='ltr'>quisve</span> <span class='ocrx_word' id='word_1_143' title='bbox 250 3282 326 3343; x_wconf 82' lang='lat' dir='ltr'>valet</span> <span class='ocrx_word' id='word_1_144' title='bbox 337 3283 434 3344; x_wconf 83' lang='lat' dir='ltr'>verbis</span> <span class='ocrx_word' id='word_1_145' title='bbox 446 3293 568 3362; x_wconf 81' lang='lat' dir='ltr'>tanturn,</span> <span class='ocrx_word' id='word_1_146' title='bbox 582 3286 628 3363; x_wconf 93' lang='lat' dir='ltr'>qui</span> <span class='ocrx_word' id='word_1_147' title='bbox 640 3285 749 3362; x_wconf 83' lang='lat' dir='ltr'>fingere</span> <span class='ocrx_word' id='word_1_148' title='bbox 761 3284 858 3346; x_wconf 83' lang='lat' dir='ltr'>laudes</span> 
     </span>
     <span class='ocr_line' id='line_1_28' title="bbox 137 3367 741 3448; baseline 0.008 -24"><span class='ocrx_word' id='word_1_149' title='bbox 137 3384 190 3445; x_wconf 91' lang='lat' dir='ltr'>pro</span> <span class='ocrx_word' id='word_1_150' title='bbox 205 3368 312 3428; x_wconf 89' lang='lat' dir='ltr'>meritis</span> <span class='ocrx_word' id='word_1_151' title='bbox 324 3369 386 3428; x_wconf 92' lang='lat' dir='ltr'>eius</span> <span class='ocrx_word' id='word_1_152' title='bbox 398 3369 508 3447; x_wconf 83' lang='lat' dir='ltr'>possit,</span> <span class='ocrx_word' id='word_1_153' title='bbox 521 3371 568 3448; x_wconf 94' lang='lat' dir='ltr'>qui</span> <span class='ocrx_word' id='word_1_154' title='bbox 580 3367 646 3429; x_wconf 80' lang='lat' dir='ltr'>talia</span> <span class='ocrx_word' id='word_1_155' title='bbox 658 3370 741 3429; x_wconf 88' lang='lat' dir='ltr'>nobis</span> 
     </span>
    </p>

    <p class='ocr_par' dir='ltr' id='par_1_8' title="bbox 107 3453 859 3534">
     <span class='ocr_line' id='line_1_29' title="bbox 107 3453 859 3534; baseline 0.005 -26"><span class='ocrx_word' id='word_1_156' title='bbox 107 3459 124 3508; x_wconf 81' lang='lat'><strong>5</strong></span> <span class='ocrx_word' id='word_1_157' title='bbox 138 3459 258 3528; x_wconf 85' lang='lat' dir='ltr'>pectore</span> <span class='ocrx_word' id='word_1_158' title='bbox 270 3461 349 3530; x_wconf 85' lang='lat' dir='ltr'>parta</span> <span class='ocrx_word' id='word_1_159' title='bbox 360 3467 412 3512; x_wconf 89' lang='lat' dir='ltr'>suo</span> <span class='ocrx_word' id='word_1_160' title='bbox 426 3456 609 3532; x_wconf 82' lang='lat' dir='ltr'>quaesitaque</span> <span class='ocrx_word' id='word_1_161' title='bbox 622 3455 745 3532; x_wconf 83' lang='lat' dir='ltr'>proemia</span> <span class='ocrx_word' id='word_1_162' title='bbox 757 3453 859 3534; x_wconf 76' lang='lat' dir='ltr'>liquit?</span> 
     </span>
    </p>
   </div>
   <div class='ocr_carea' id='block_1_8' title="bbox 0 0 1148 3886">
    <p class='ocr_par' dir='ltr' id='par_1_9' title="bbox 0 0 1148 3886">
     <span class='ocr_line' id='line_1_30' title="bbox 0 0 1148 3886; baseline 0 0"><span class='ocrx_word' id='word_1_163' title='bbox 0 0 1148 3886; x_wconf 95' lang='lat' dir='ltr'> </span> 
     </span>
    </p>
   </div>
  </div>
 </body>
</html>
