2288 3886
579 222 632 298 ¹ll

192 390 277 452 nullo
290 393 343 451 iam
355 399 441 472 paeto
453 393 514 452 veri
527 391 619 453 simile
632 411 699 454 esse
712 395 909 474 putandumst,

193 475 322 555 undique
337 494 402 535 eum
412 493 528 536 vorsum
540 479 662 556 spatium
674 488 758 539 vacet
769 481 904 540 inlinitum

193 562 363 638 seminaque
375 561 522 621 innumero
534 579 652 621 numero
664 580 828 643 summaque
842 564 982 644 profunda

134 657 174 710 55
194 643 369 705 multimodis
381 644 501 706 volitent
513 653 630 706 aeterno
643 649 753 724 percita
764 658 858 727 motu,

194 730 273 790 huno
285 747 369 788 unum
381 738 518 789 terrarum
531 730 629 790 orbem
642 729 810 810 caelumque
823 742 965 813 creatum,

195 813 237 874 nil
253 831 341 891 agere
353 810 401 873 illa
412 813 482 874 ioris
495 822 537 875 tot
549 831 672 892 corpora
682 815 822 885 materiai;

195 916 262 959 oum
273 899 443 977 praesertim
456 896 503 958 hio
518 901 555 960 sit
566 908 663 960 natura
674 897 784 977 iaetus,
797 910 826 960 et
837 903 899 980 ipsa

194 991 301 1064 sponte
312 1000 364 1042 sua
376 982 452 1042 iorte
465 982 631 1044 offensando
643 992 677 1043 ot
688 985 795 1043 semina
806 1003 901 1044 rerum

104 1078 177 1133 1060
195 1065 368 1128 multimodis
380 1076 489 1127 temere
502 1071 528 1126 in
541 1085 653 1128 cassum
664 1066 826 1147 frustraque
842 1080 941 1130 coacta

193 1150 308 1212 tandem
321 1148 471 1212 coluerunt
483 1170 518 1211 ea
531 1169 603 1230 quae
616 1160 758 1213 convecta
769 1163 890 1233 repente

194 1254 359 1314 magnarum
370 1254 465 1296 rerum
477 1236 578 1296 lierent
590 1235 708 1296 exordia
719 1254 851 1315 semper,

194 1322 281 1382 terrai
294 1320 378 1380 maris
392 1329 420 1379 11
434 1318 506 1380 caeli
519 1321 693 1400 generisque
705 1322 881 1381 animantum.

196 1422 284 1484 quare
297 1405 381 1464 etiam
392 1414 478 1483 atque
492 1407 575 1464 etiam
587 1402 650 1465 talis
662 1405 770 1465 fateare
783 1425 907 1467 neeesse
920 1416 965 1467 111

100 1499 177 1556 1005
196 1509 264 1550 1111
277 1487 348 1548 alios
361 1486 428 1549 alibi
441 1506 616 1566 congressus
627 1491 770 1568 materiai,

196 1571 288 1653 qualis
300 1572 347 1632 hie
360 1582 421 1651 est,
435 1571 518 1633 avido
530 1573 684 1653 complexu
696 1592 780 1653 quem
792 1582 872 1636 tenet
882 1576 990 1637 aether.

238 1656 391 1718 Praeterea
404 1675 468 1717 eum
479 1659 613 1719 materies
626 1668 672 1719 est
682 1658 768 1719 multa
779 1670 893 1738 parata,

196 1760 261 1803 oum
273 1741 355 1802 loeus
366 1751 411 1803 est
423 1751 555 1823 praesto,
568 1761 624 1803 neo
635 1760 683 1803 res
695 1762 750 1804 nee
765 1762 851 1804 eausa
862 1755 987 1806 moratur

195 1826 270 1904 ulla,
284 1827 347 1905 geri
359 1825 482 1903 debent,
495 1828 639 1903 nimirum,
652 1836 683 1887 et
695 1828 811 1887 oonlieri
822 1846 880 1888 res.

102 1919 179 1975 1070
193 1929 270 1972 nuno
284 1928 323 1972 ex
334 1911 489 1972 seminibus
499 1957 508 1988 ,
520 1912 545 1972 si
555 1918 632 1971 tanta
647 1920 692 1970 111
705 1912 787 1989 copia
802 1919 933 1989 quantam

194 2013 362 2057 enumerare
374 2005 453 2056 aetas
466 1997 635 2055 animantum
646 2012 703 2054 non
718 2003 804 2074 queat
815 1996 922 2073 omnis,

194 2081 260 2160 quis
273 2078 373 2141 eadem
384 2090 482 2141 natura
493 2089 605 2158 manet,
618 2098 691 2159 quae
704 2081 811 2141 semina
822 2098 917 2141 rerum

196 2166 333 2226 conicere
347 2165 375 2223 in
391 2162 456 2225 loea
468 2182 599 2244 quaeque
612 2173 697 2245 queat
707 2164 791 2226 simili
801 2167 909 2226 ratione

194 2259 281 2328 atque
295 2247 353 2308 hue
364 2257 429 2309 sunt
441 2249 589 2326 coniecta,
602 2267 727 2310 neeesse
740 2259 785 2310 est
796 2250 952 2312 confiteare

106 2340 178 2396 1075
194 2351 263 2395 1111
276 2331 349 2393 alios
364 2330 427 2392 aliis
439 2340 578 2393 terrarum
588 2334 617 2392 in
629 2334 755 2412 partibus
770 2332 847 2392 orbis

195 2427 225 2479 11
236 2419 330 2477 varias
341 2416 485 2477 hominum
496 2419 590 2495 gentis
603 2426 632 2477 11
644 2415 742 2477 saeola
753 2415 886 2476 ferarum.

237 2500 300 2562 llue
312 2500 426 2561 aeoedit
437 2509 468 2560 ut
482 2504 510 2561 in
523 2518 630 2563 summa
640 2518 688 2561 res
699 2498 776 2559 nulla
790 2501 827 2560 sit
838 2517 910 2577 una,

196 2589 279 2647 unioa
292 2602 366 2664 quae
378 2587 511 2663 gignatur
521 2596 550 2646 et
562 2587 644 2645 unioa
656 2583 776 2665 solaque
791 2593 923 2662 eresoat,

195 2672 264 2751 quin
275 2668 410 2749 aliquoiu’
422 2671 477 2731 siet
490 2669 580 2730 saecli
590 2669 788 2750 permultaque
800 2668 902 2729 eodem
938 2732 942 2739 ,

110 2762 180 2818 1080
195 2756 252 2817 sint
266 2771 386 2832 genere.
402 2755 431 2813 in
445 2755 543 2833 primis
556 2752 738 2834 animalibus,
750 2752 857 2815 inclute
869 2752 1002 2832 Memmi,

194 2840 325 2900 invenies
337 2839 380 2899 sio
392 2839 584 2916 montivagum
596 2857 687 2916 genus
700 2858 768 2900 esse
781 2839 922 2918 ferarum,

195 2924 239 2985 sio
250 2923 394 2983 hominum
405 2924 528 2999 genitam
543 2922 671 3001 prolem,
684 2925 727 2983 sie
740 2922 864 3002 denique
875 2933 966 2984 mutas

196 3008 407 3087 squamigerum
418 3006 548 3085 pecudes
564 3016 593 3067 et
606 3024 727 3086 corpora
740 3017 842 3067 ounota
852 3006 1004 3068 volantum.

196 3100 373 3171 quapropter
385 3088 497 3151 eaelum
508 3089 593 3151 simili
605 3093 713 3151 ratione
725 3090 913 3170 fatendumst,

109 3182 181 3238 1085
195 3182 358 3255 terramque
370 3183 400 3236 et
413 3173 524 3252 solem,
541 3173 649 3253 lunam,
664 3192 760 3253 mare,
774 3183 872 3236 111111
887 3193 960 3254 quae
973 3186 1056 3256 sunt,

196 3277 253 3322 non
264 3278 333 3322 esse
344 3261 443 3337 uniea,
455 3259 509 3321 sed
521 3276 638 3320 numero
650 3260 741 3338 magis
753 3258 934 3330 innumerali;

197 3343 426 3424 quandoquidem
434 3345 510 3406 vitae
523 3343 662 3425 depactus
673 3345 809 3405 terminus
821 3341 879 3405 alto

196 3436 252 3490 1111
263 3436 358 3489 manet
368 3426 459 3508 hasa,
472 3437 502 3490 et
513 3437 570 3489 tam
581 3429 675 3489 nativo
690 3445 812 3508 corpore
826 3437 974 3506 constant,

197 3530 279 3594 quam
291 3530 383 3592 genus
396 3529 480 3575 omno
492 3511 570 3581 quod
578 3511 625 3575 hie
637 3512 793 3593 generatim
803 3514 891 3574 rebus
903 3511 1036 3574 abundat.
