2288 3886
577 225 604 286 ll
1048 221 1090 288 dl

174 411 238 454 nam
252 401 332 455 certe
344 391 434 452 tluere
449 401 534 470 atque
546 389 685 451 recedere
698 408 819 469 corpora
829 390 916 452 rebus

174 476 260 537 multa
270 495 368 536 manus
383 474 502 535 dandum
515 484 576 535 est:
588 472 640 535 sed
654 473 736 554 plura
750 473 893 536 accedere
908 473 1032 554 debent,

82 571 159 627 1130
174 561 266 622 donec
278 558 425 622 alescendi
435 576 572 620 summum
584 560 707 636 tetigere
720 576 865 619 cacumen.

175 645 239 705 inde
253 645 406 704 minutatim
416 645 494 704 vires
506 652 535 703 et
546 644 633 703 robur
643 642 767 702 adultum

174 729 277 806 frangit
289 737 318 789 et
330 730 359 788 in
370 736 480 806 partem
490 729 619 806 peiorem
630 724 745 804 liquitur
756 736 844 788 aetas.

143 881 147 886 ‚
175 816 282 893 quippe
294 813 400 873 etenim
412 819 516 890 quanto
529 819 574 871 est
585 829 634 871 res
645 809 781 889 amplior,
797 812 929 888 augmine
940 809 1090 890 adempto,
1135 860 1139 865 .

175 907 204 958 et
215 913 271 976 quo
283 896 367 956 latior
379 904 441 973 est,
455 896 483 953 iu
496 902 613 955 cunctas
625 894 750 974 undique
762 897 852 973 partis

84 991 159 1046 1135
175 979 256 1059 plura
268 980 353 1041 modo
365 978 502 1058 dispargit
515 987 544 1039 et
555 978 589 1038 ab
601 997 634 1038 se
647 995 769 1057 corpora
780 981 879 1057 mittit,

175 1084 229 1125 nec
242 1063 328 1125 facile
340 1065 368 1122 in
378 1081 466 1123 venas
478 1063 558 1124 cibus
571 1063 661 1122 omnis
673 1061 774 1122 diditur
784 1065 828 1139 ei,

174 1168 229 1209 nec
242 1150 311 1209 satis
324 1156 387 1225 est,
404 1164 456 1225 pro
470 1164 552 1226 quam
563 1145 660 1225 largos
671 1156 820 1207 exaestuat
831 1156 946 1225 aestus,

173 1231 247 1292 unde
260 1241 345 1312 queat
356 1240 461 1292 tantum
476 1230 598 1292 suboriri
610 1248 644 1291 00
656 1229 849 1309 subpeditare.

173 1319 234 1377 iure
246 1318 332 1396 igitur
343 1325 483 1395 pereunt,
497 1334 560 1376 eum
572 1315 712 1376 rarefacta
723 1314 837 1375 fluendo

84 1412 159 1466 1140
173 1410 238 1462 sunt
251 1410 280 1461 et
295 1420 360 1462 cum
372 1402 498 1460 externis
511 1400 698 1461 succumbunt
711 1401 803 1460 omnia
813 1397 922 1480 plagis,

175 1483 400 1566 quandoquidem
411 1483 510 1561 grandi
522 1486 602 1546 cibus
614 1503 687 1545 aevo
700 1485 822 1565 denique
835 1483 918 1565 deiit,

173 1588 228 1630 uec
239 1569 385 1630 tuditantia
396 1586 457 1628 rem
469 1579 583 1630 cessant
596 1571 776 1631 extrinsecus
787 1568 873 1629 ullam

174 1671 295 1732 corpora
307 1654 451 1713 conficere
463 1662 492 1713 et
504 1652 596 1731 plagis
608 1654 712 1715 infesta
724 1653 847 1714 domare.

215 1738 263 1798 Sic
275 1739 360 1815 igitur
370 1738 463 1814 magni
477 1754 591 1816 quoque
607 1739 713 1797 circum
727 1740 838 1798 moenia
849 1737 943 1798 mundi
978 1782 980 1786 -

83 1832 157 1887 1145
175 1831 335 1900 expugnata
347 1820 450 1881 dabunt
461 1819 555 1890 labero
566 1822 714 1899 putrisque
726 1823 834 1881 ruinas:

173 1908 263 1967 omnia
276 1905 361 1965 debet
374 1906 449 1965 enim
461 1904 542 1963 cibus
553 1905 696 1981 integrare
712 1903 841 1964 novando

173 2000 202 2051 et
214 1989 315 2050 fulcire
329 1989 428 2067 cibus,
446 1989 533 2050 cibam
546 1991 637 2048 omnia
648 1998 829 2067 sustentare,

172 2077 359 2153 nequiquam,
377 2075 507 2151 quoniam
519 2092 574 2134 nec
586 2092 677 2134 venae
689 2075 887 2155 perpetiuntur

173 2158 249 2239 quod
260 2160 328 2220 satis
341 2167 402 2235 est,
416 2177 511 2238 neque
525 2169 657 2239 quantum
667 2177 740 2239 opus
753 2169 798 2221 est
809 2167 907 2219 natura
917 2159 1063 2221 ministrat.

86 2255 157 2310 1150
172 2246 283 2321 iamque
294 2241 367 2303 adeo
379 2242 469 2303 fracta
481 2253 526 2304 est
538 2253 634 2320 actas,
649 2244 793 2322 effetaque
805 2242 892 2305 tellus

171 2329 220 2387 vix
229 2325 355 2387 animalia
367 2344 453 2405 parva
469 2336 564 2403 creat,
579 2345 652 2406 quae
665 2337 766 2397 cuncta
782 2329 888 2388 creavit

172 2409 269 2472 saecla
281 2410 415 2489 deditque
427 2411 549 2471 ferarum
563 2412 688 2488 ingentia
705 2427 825 2490 corpora
838 2420 928 2488 partu.

172 2494 262 2572 baud,
276 2505 305 2555 ut
318 2497 435 2573 opinor,
450 2496 523 2556 enim
534 2492 662 2554 mortalia
673 2493 770 2554 saecla
780 2511 906 2572 superne

171 2597 255 2640 aurea
268 2578 304 2639 de
316 2576 398 2639 caelo
410 2579 521 2640 demisit
532 2578 606 2640 lunis
618 2581 646 2639 in
658 2596 741 2656 arva,

88 2675 155 2729 1155
171 2682 226 2725 000
238 2682 313 2724 mare
324 2681 379 2723 nec
391 2663 493 2724 {luctus
504 2662 665 2742 plangentis
678 2682 745 2725 saxa
758 2671 904 2743 crearunt,

171 2747 225 2809 sed
235 2751 332 2825 genuit
345 2746 431 2807 tellus
443 2748 542 2808 eadem
555 2767 627 2828 quae
639 2767 713 2809 nunc
725 2748 774 2809 alit
786 2768 824 2809 ex
836 2768 877 2810 se.

170 2841 319 2912 praeterea
330 2831 431 2892 nitidas
444 2830 541 2910 fruges
553 2835 705 2913 vinetaque
717 2832 791 2893 laeta

171 2925 275 2995 sponte
287 2933 338 2977 sua
349 2917 469 2994 primum
479 2916 644 2978 mortalibus
657 2920 720 2996 ipsa
735 2920 861 2995 creavit,

170 3002 234 3081 ipsa
245 2999 321 3061 dedit
333 2998 424 3061 dulcis
436 3000 512 3062 letus
523 3011 552 3062 et
563 3000 665 3079 pabula
678 3000 767 3071 laeta;

88 3094 156 3148 1100
171 3101 244 3164 quae
254 3103 329 3144 0000
341 3086 390 3144 vix
400 3094 498 3145 nostro
511 3084 702 3163 grandescunt
713 3095 795 3146 aucta
807 3086 924 3163 labore,

171 3171 401 3248 conterimusque
413 3169 504 3230 boves
517 3180 546 3230 ot
558 3171 625 3230 viris
638 3169 842 3247 agricolarum,

171 3254 336 3315 conficimus
347 3253 470 3332 ferrum,
483 3256 532 3315 vix
542 3255 617 3313 arvis
630 3253 817 3333 suppeditati:

169 3356 262 3417 usque
274 3337 347 3398 adeo
358 3346 478 3417 parcunt
490 3339 566 3400 letus
578 3348 740 3417 augentque
751 3336 860 3399 labore.

169 3423 281 3502 iamque
296 3432 380 3501 caput
394 3440 531 3502 quassans
543 3422 658 3500 grandis
669 3423 793 3501 suspirat
804 3431 897 3484 arator

86 3515 153 3570 1165
170 3506 316 3586 crebrius,
331 3508 474 3568 incassum
485 3525 614 3570 manuum
626 3505 768 3569 cecidisse
779 3507 913 3586 labores,
