2288 3886
546 179 561 240 l

135 349 248 411 dedicat
258 355 288 407 et
298 344 386 406 multo
397 362 518 405 vacuum
528 345 618 405 miuus
630 346 705 405 intus
716 344 833 405 habere.

136 443 181 495 est
191 433 293 510 igitur,
305 431 448 508 nimirum,
462 428 490 488 id
502 428 577 508 quod
588 431 696 489 ratione
708 430 805 508 sagaci

137 518 315 596 quaerimus,
327 513 477 574 admixtum
487 513 590 590 rebus,
602 511 677 591 quod
687 514 769 572 inane
780 530 923 575 vocamus.

72 609 125 665 370
179 598 294 660 Illudin
304 597 349 659 his
361 598 448 659 rebus
459 615 496 658 ne
507 605 539 656 te
552 595 696 656 deducere
711 613 781 656 vero

136 684 244 764 possit,
258 680 455 761 quodquidam
466 681 589 758 lingunt,
601 697 787 759 praecanere
800 697 898 758 cogor.

137 767 243 830 cedere
257 766 442 844 squamigeris
453 763 553 825 latices
564 763 717 824 nitentibus
728 765 803 824 aiunt

138 860 167 911 et
177 848 301 928 liquidas
312 849 423 927 aperire
434 850 512 925 nas,
526 850 591 926 quia
601 857 667 927 post
678 846 743 907 loca
754 850 851 926 pisces

138 934 281 1012 linquant,
294 949 350 1011 qno
362 933 473 1010 possint
486 930 622 992 cedentes
636 930 780 992 confluere
792 932 900 993 undae:

72 1027 124 1084 ³75
137 1021 179 1080 sie
189 1016 258 1078 alias
271 1032 385 1094 quoque
395 1032 443 1074 res
455 1016 528 1075 inter
538 1033 572 1077 se
583 1034 670 1094 posse
681 1018 789 1075 moveri

139 1112 168 1164 et
181 1109 288 1161 mutare
300 1098 411 1177 locum,
426 1100 551 1177 quamvis
563 1101 618 1159 sint
629 1100 719 1158 omnia
729 1098 814 1177 plena

138 1185 268 1262 scilicet,
280 1182 310 1242 id
320 1181 391 1243 ialsa
401 1191 490 1243 totum
499 1183 607 1243 ratione
618 1192 803 1262 receptumst.

137 1288 201 1329 nam
212 1285 269 1347 quo
280 1268 450 1347 squamigeri
462 1275 594 1346 poterunt
605 1267 765 1347 procedere
777 1267 905 1346 taudem,

139 1355 167 1413 ni
179 1354 299 1432 spatium
312 1348 441 1411 dederint
453 1347 575 1411 latices?
586 1352 747 1411 concedere
759 1368 845 1431 porro

70 1448 126 1504 380
139 1456 195 1517 quo
205 1444 340 1517 poterunt
350 1434 458 1513 undae,
472 1453 535 1495 curn
546 1436 644 1514 pisces
656 1438 697 1495 ire
709 1432 885 1514 nequibunt?

137 1531 186 1583 aut
197 1522 283 1600 igitur
293 1529 370 1580 motu
381 1518 572 1598 privandumst
584 1536 706 1599 corpora
718 1538 865 1598 quaeque,

137 1615 185 1668 aut
195 1623 264 1666 esse
276 1603 426 1664 admixtum
437 1602 614 1664 dicundumst
626 1605 713 1664 rebus
724 1605 823 1682 inane,

137 1689 212 1750 unde
223 1690 320 1749 initum
330 1690 449 1767 primum
461 1689 552 1766 capiat
565 1706 612 1749 res
625 1705 754 1767 quaeque
765 1689 906 1750 movendi

138 1783 285 1854 postremo
299 1771 355 1832 duo
366 1772 402 1833 de
414 1789 555 1832 concursu
567 1789 688 1850 corpora
700 1770 757 1832 lata

74 1868 126 1924 585
138 1860 163 1920 si
174 1859 231 1920 cita
241 1854 397 1934 dissiliant,
411 1873 514 1934 nempe
525 1860 576 1915 aer
587 1872 669 1915 omne
680 1863 850 1934 necessest,

138 1945 212 2003 inter
223 1956 346 2019 corpora
359 1939 436 2020 quod
446 1940 508 2017 liat,
521 1937 649 2019 possidat
661 1940 757 1998 unaue:

138 2029 163 2088 is
173 2042 262 2104 porro
275 2025 401 2103 quamuis
414 2026 521 2083 circum
533 2022 723 2084 celerantibus
735 2022 810 2082 auris
852 2072 856 2079 ,

140 2107 279 2185 confluat,
291 2107 364 2168 haud
375 2109 481 2187 poterit
492 2118 584 2168 tamen
598 2125 653 2168 uno
664 2118 795 2186 ternpore
805 2115 895 2166 totum

141 2190 279 2272 compleri
291 2194 427 2271 spatium:
439 2209 501 2252 narn
512 2194 629 2271 primurn
644 2210 785 2271 quemque
796 2198 943 2253 necessest

74 2287 128 2344 300
140 2286 265 2355 occupet
276 2273 325 2335 ille
337 2274 448 2353 locum,
462 2275 564 2337 deinde
575 2278 666 2336 omnia
676 2275 886 2355 possideantur.

140 2360 252 2440 quodsi
263 2360 338 2419 sorte
350 2357 468 2438 aliquis,
482 2377 545 2420 cum
557 2376 678 2437 corpora
689 2358 858 2434 dissiluere,

138 2454 197 2505 tum
205 2452 285 2524 putat
295 2442 324 2502 id
333 2443 393 2503 lieri
405 2445 469 2521 quia
480 2461 513 2504 se
525 2441 699 2504 condenseat
709 2448 776 2519 atr,

141 2537 229 2589 errat:
240 2544 303 2587 nam
316 2544 436 2587 vacuum
446 2536 505 2587 tum
516 2528 546 2588 lit
558 2526 633 2606 quod
644 2544 700 2586 non
712 2525 763 2585 luit
774 2535 855 2603 ante,

141 2622 170 2674 et
181 2610 311 2691 repletur
321 2611 389 2671 item
400 2629 519 2671 vacuum
533 2610 609 2690 quod
621 2611 748 2672 constitit
761 2619 844 2688 aute,

76 2705 128 2760 395
139 2714 194 2756 nec
204 2693 253 2756 toli
264 2696 372 2755 ratione
384 2704 480 2773 potest
490 2695 637 2755 denserier
648 2701 714 2773 aer,

140 2798 212 2858 nec,
226 2779 251 2839 si
262 2780 316 2839 iam
327 2789 445 2859 posset,
458 2781 519 2840 sine
531 2782 604 2839 inani
615 2789 732 2859 posset,
745 2782 861 2860 opinor,

141 2865 205 2942 ipse
217 2864 246 2922 in
258 2882 291 2926 se
302 2863 417 2924 trahere
429 2873 458 2924 et
468 2867 555 2944 partis
569 2864 731 2924 conducere
749 2866 776 2923 in
788 2881 879 2924 unurn.

127 2979 133 2990 ι
183 2945 391 3027 Quapropter,
404 2950 529 3026 quernus
542 2948 682 3009 causando
693 2947 780 3007 multa
790 2949 909 3008 moreris

10 3026 12 3089 ζ
141 3028 208 3093 esse
219 3033 248 3091 iu
260 3032 347 3092 rebus
359 3033 440 3091 inane
452 3042 544 3093 tamen
556 3032 663 3093 fateare
673 3041 833 3092 necessest.

10 3114 13 3161 ῗ
78 3124 130 3181 400
139 3114 281 3196 multaque
293 3125 443 3194 praeterea
457 3116 508 3176 tihi
519 3133 636 3195 possum
649 3113 891 3175 commemorando

141 3209 305 3279 argumenta
315 3199 399 3259 iidem
410 3198 492 3260 dictis
506 3198 661 3261 conradere
676 3200 789 3259 nostris.

140 3302 239 3345 rerum
249 3286 340 3345 auimo
355 3285 424 3345 satis
436 3282 508 3345 laec
520 3284 641 3360 vestigia
652 3299 738 3360 parva
749 3284 844 3359 sagaci

10 3364 22 3435 l·
141 3377 223 3447 sunt,
236 3385 290 3447 per
302 3385 374 3446 qnae
386 3368 481 3446 possis
494 3383 672 3444 cognoscere
684 3375 781 3425 cetera
792 3374 868 3425 tute:

10 3450 35 3648 p
47 3476 51 3481 ·
139 3468 261 3531 namque
274 3470 361 3514 canes
373 3460 402 3512 ut
414 3453 590 3528 montivagae
602 3465 744 3528 persaepe
757 3448 829 3508 ferai
