2288 3886
615 175 629 237 l

199 347 304 399 tantum
314 341 418 420 religio
429 345 522 422 potnit
533 345 653 408 suadere
664 347 809 410 malorum.

241 421 372 486 Tutemet
383 445 400 487 a
410 428 492 489 nohis
505 431 558 490 iam
570 432 672 509 quovis
686 440 816 512 ternpore
827 443 921 494 vatum

192 508 362 588 terriloquis
373 512 466 572 vietus
480 512 563 574 dictis
576 514 743 576 desciscere
754 535 886 595 quaeres.

199 596 306 672 quippe
318 595 421 653 etenim
434 612 516 673 quam
525 597 612 658 multa
621 598 673 658 tibi
683 600 737 658 iam
748 599 857 678 fingere
868 613 989 681 possunt

131 689 182 742 105
199 679 322 755 somnia,
338 695 411 756 quae
422 682 497 741 vitae
508 683 633 743 rationes
644 691 759 743 vertere
770 686 882 763 possint

198 762 382 840 fortunasque
394 771 455 824 tuas
468 767 558 826 omnis
570 765 684 826 turbare
696 767 812 827 timore!

197 854 227 906 et
237 846 354 906 merito:
366 849 464 908 namsi
476 858 582 910 eertum
594 849 678 909 linem
689 868 756 912 esse
767 852 898 913 viderent

197 946 389 988 aerumnarum
400 928 545 1011 homines,
558 933 651 1010 aliqua
661 935 770 994 ratione
781 934 909 997 valerent

196 1011 385 1090 religionibus
396 1023 481 1094 atque
493 1018 574 1078 minis
587 1017 730 1078 obsistere
742 1027 852 1080 vatum:

131 1107 186 1161 110
197 1116 272 1158 nuno
283 1099 354 1158 ratio
365 1097 441 1158 nulla
453 1109 498 1161 est
508 1100 650 1180 restandi,
662 1100 739 1161 nulla
750 1101 888 1181 iaoultas,

194 1191 327 1244 aeternas
340 1184 470 1262 quoniam
480 1202 588 1264 poenas
601 1186 629 1244 in
641 1195 731 1246 morte
742 1187 930 1248 timendnmst.

194 1269 343 1346 ignoratur
354 1269 428 1327 enirn
440 1285 512 1346 quae
525 1271 561 1330 sit
572 1279 669 1329 natura
680 1271 779 1331 animai
789 1317 797 1349 ,

194 1361 260 1411 nata
271 1353 323 1428 sit,
335 1369 370 1410 au
382 1360 480 1412 eontra
491 1353 673 1414 nascentibus
685 1356 858 1434 insinuetur,

196 1445 227 1496 et
238 1434 321 1497 simul
331 1436 452 1496 intereat
464 1437 613 1497 nobiseum
624 1445 714 1497 morte
727 1436 881 1517 dirempta,

133 1530 184 1585 115
198 1538 234 1581 an
244 1519 378 1580 tenebras
391 1517 459 1579 Orci
471 1523 544 1581 visat
553 1529 705 1599 vastasque
717 1519 850 1599 lacunas,

197 1623 232 1665 err
244 1603 373 1683 pecudes
386 1603 454 1664 alias
466 1605 596 1666 divinitus
609 1606 731 1665 insinuet
743 1623 794 1683 se,

198 1689 305 1749 Ennius
318 1697 348 1748 ut
359 1698 459 1749 noster
471 1690 592 1766 cecinit,
606 1689 654 1766 qui
666 1689 772 1767 primus
783 1706 903 1749 amoeno

199 1772 299 1834 detulit
310 1790 348 1833 ex
357 1770 497 1833 llelioone
508 1775 628 1853 perenni
639 1771 739 1833 ironde
753 1790 901 1850 eoronam,

199 1877 252 1935 per
266 1858 360 1935 gentis
373 1855 457 1918 Italas
469 1857 611 1918 hominum
622 1875 694 1936 quae
708 1856 783 1918 elma
798 1857 923 1926 olueret;

132 1952 184 2005 120
198 1943 253 2002 etsi
264 1950 414 2020 praeterea
423 1950 516 2003 tamen
532 1961 599 2002 esse
610 1940 769 2003 Acherusia
783 1940 889 2020 templa

197 2026 305 2085 Ennius
316 2027 439 2085 aeternis
452 2026 568 2104 exponit
579 2025 710 2086 versinus
723 2023 829 2101 edens,

199 2125 255 2187 qno
270 2126 364 2186 neque
376 2117 558 2185 permaneant
569 2108 676 2167 animae
688 2125 782 2186 neque
795 2124 916 2186 corpora
927 2117 1040 2184 nostra,

200 2191 253 2253 sed
264 2190 400 2270 quaedam
412 2190 561 2252 simulacra
570 2189 661 2253 modis
673 2189 807 2270 pallentia
817 2193 909 2261 miris;

199 2275 274 2337 unde
285 2277 340 2336 sibi
353 2285 479 2337 exortam
490 2294 605 2355 semper
617 2275 743 2337 llorentis
755 2275 870 2335 Homeri

134 2371 184 2423 115
200 2368 399 2422 commemorat
410 2363 540 2441 speeiem
550 2360 679 2421 lacrimas
691 2359 836 2420 effundere
851 2359 941 2420 salsas

200 2448 335 2525 coepisse
353 2454 382 2506 et
392 2463 487 2506 rerum
499 2454 624 2505 naturam
635 2444 796 2524 expandere
808 2443 900 2504 dietis.

200 2548 254 2609 qua
265 2539 385 2609 propter
396 2530 470 2590 bene
483 2548 547 2590 eum
558 2530 671 2607 superis
683 2528 718 2587 de
730 2529 816 2588 rebus
828 2524 956 2587 habenda

199 2615 282 2675 nobis
295 2615 440 2689 miratio,
456 2611 526 2673 solis
538 2611 678 2690 lunaeque
689 2620 798 2670 meatus

200 2715 255 2776 qua
266 2698 331 2757 liant
342 2698 468 2774 ratione,
480 2705 510 2756 et
523 2696 616 2773 quavi
634 2711 763 2772 quaeque
775 2702 909 2772 gerantur

137 2790 189 2843 130
202 2784 230 2840 in
240 2781 342 2857 terris,
354 2788 414 2839 tum
426 2779 596 2859 cumprimis
608 2779 716 2838 ratione
729 2779 826 2855 sagaci

201 2864 274 2924 unde
285 2865 374 2923 anima
385 2873 469 2942 atque
481 2864 562 2923 animi
576 2871 687 2923 constet
700 2872 798 2923 natura
807 2859 974 2939 videndum,

201 2959 229 3010 et
242 2964 314 3026 quae
326 2965 374 3009 res
385 2949 468 3008 nobis
480 2946 662 3025 vigilantibus
673 2946 757 3006 obvia
766 2954 877 3005 mentes

200 3033 337 3093 terrificet
350 3033 450 3092 morbo
462 3031 583 3092 adiectis
594 3047 751 3108 somnoque
761 3028 899 3109 sepultis,

201 3134 321 3177 eernere
332 3117 372 3176 uti
382 3115 527 3177 videamur
540 3133 591 3176 eos
604 3113 759 3193 audireque
771 3130 884 3188 eoram,

137 3209 187 3262 135
201 3210 292 3261 morte
305 3200 381 3259 obita
392 3217 511 3279 quornm
525 3198 611 3260 tollus
623 3197 802 3276 amplectitur
819 3214 893 3256 ossa.

240 3283 304 3344 Neo
314 3301 359 3344 me
371 3285 454 3343 animi
466 3282 537 3343 saltn
552 3282 695 3344 Graiorum
707 3283 830 3342 obseura
840 3289 955 3360 reperta

201 3367 316 3428 diiiioile
328 3367 477 3428 inlustrare
488 3367 591 3427 Latinis
602 3367 734 3426 versibus
746 3383 832 3442 esse,

199 3451 286 3513 multa
296 3453 377 3512 novis
389 3451 486 3513 verbis
499 3451 666 3530 praesertim
679 3466 742 3509 oum
754 3450 790 3508 sit
801 3446 940 3527 agendum
