2288 3886
627 153 640 212 1

618 315 634 352 4

201 405 332 486 simplice
344 415 441 465 natura
452 412 547 482 pateat
559 413 652 464 tamen
664 402 883 481 inmoderatum,

199 508 255 552 000
265 507 342 550 mare
353 506 409 548 nec
420 485 506 548 tellus
517 505 612 566 neque
623 485 694 548 caeli
706 485 799 547 lucida
811 485 916 566 templa

117 585 184 640 1015
199 592 255 635 000
264 570 385 633 mortale
398 590 490 649 genus
501 589 556 631 nec
568 570 661 631 divum
674 588 795 650 corpora
806 579 903 632 sancta

201 659 335 735 exiguum
347 664 468 735 possent
478 655 557 715 horai
571 657 675 716 sistere
686 664 814 734 tempus:

200 759 263 802 narn
275 739 401 819 dispulsa
412 755 464 800 suo
477 739 513 799 de
526 749 611 799 coetu
622 742 746 800 materiai

202 827 285 904 copia
296 824 419 885 ferretur
429 841 559 902 maguum
570 841 623 902 per
634 825 715 884 inane
728 823 837 901 soluta,

199 913 261 971 sive
272 908 345 969 adeo
357 910 451 987 potius
461 925 609 987 numquam
624 916 758 967 concreta
769 917 898 969 creasset

118 1003 187 1059 1020
200 992 286 1053 ullam
296 1011 373 1071 rem,
387 994 517 1071 quoniam
529 993 594 1070 cogi
606 990 724 1053 disiecta
735 993 892 1071 nequisset.

200 1096 263 1138 narn
276 1086 355 1138 certe
367 1094 461 1156 neque
477 1074 596 1136 oonsilio
607 1074 759 1154 primordia
768 1093 863 1136 rerum

200 1160 298 1222 ordine
310 1179 343 1222 se
354 1177 407 1222 suo
419 1177 550 1239 quaeque
565 1161 662 1238 sagaci
673 1168 767 1219 mente
778 1158 907 1219 locarunt

199 1264 255 1307 neo
268 1262 340 1325 quos
353 1262 483 1323 quaeque
496 1243 594 1303 darent
604 1253 696 1303 motus
708 1246 847 1322 pepigere
859 1241 1010 1322 proiecto,

200 1329 253 1391 sed
266 1331 329 1409 quia
340 1327 425 1387 multa
437 1327 527 1396 modis
539 1326 633 1387 multis
648 1336 750 1387 mutata
761 1345 815 1406 per
826 1345 908 1387 omne

118 1423 185 1476 1025
201 1432 238 1474 ex
248 1413 355 1472 infinito
366 1420 503 1471 vexantur
515 1413 624 1490 percita
635 1409 744 1489 plagis,

202 1515 284 1558 omne
296 1514 387 1573 genus
401 1503 493 1555 motus
506 1504 534 1555 et
547 1502 646 1555 coetus
660 1494 835 1574 experiundo

202 1580 313 1641 taudem
328 1578 480 1638 deveniunt
491 1581 519 1638 in
530 1577 593 1638 talis
607 1578 812 1657 disposituras,

203 1663 331 1745 qualibus
343 1662 416 1723 haec
426 1680 520 1722 rerum
533 1664 662 1724 consistit
673 1681 778 1722 summa
792 1673 902 1740 creata,

203 1758 232 1809 et
244 1747 348 1808 multos
361 1749 445 1808 etiarn
455 1762 573 1825 magnos
585 1755 698 1807 seruata
709 1765 761 1826 per
772 1762 859 1808 anuos

118 1842 188 1897 1030
200 1844 231 1894 01
243 1831 333 1894 semel
345 1833 373 1892 iu
385 1841 477 1892 motus
490 1833 648 1892 coniectast
661 1832 871 1908 convenientis,

202 1917 290 1978 0111011
301 1926 332 1976 ut
343 1915 430 1994 largis
442 1916 552 1977 avidum
562 1933 639 1975 unare
651 1914 771 1975 fluminis
784 1913 864 1975 undis

201 2005 344 2080 integrent
356 2018 452 2060 ornnes
468 2008 497 2060 ct
509 1997 578 2060 solis
590 2008 665 2058 terra
676 2015 783 2077 vapore

202 2086 260 2146 1010
271 2092 357 2144 novet
369 2083 444 2144 fetus
458 2083 664 2161 summissaque
676 2100 747 2159 gens
759 2083 924 2142 animantum

202 2168 302 2229 floreat
313 2177 342 2228 et
353 2169 448 2226 vivant
459 2165 590 2226 labentes
601 2165 726 2226 aetheris
740 2167 837 2244 ignes;

119 2261 187 2315 1035
202 2251 278 2332 quod
288 2250 367 2311 00110
379 2250 506 2311 iacerent
518 2258 620 2329 pacto,
636 2250 689 2310 nisi
701 2252 826 2311 materiai

203 2355 240 2397 ex
250 2337 357 2397 infinito
372 2335 492 2396 suboriri
505 2336 588 2414 copia
598 2344 716 2414 posset,

202 2422 277 2482 unde
288 2422 390 2481 amissa
398 2419 494 2482 solent
504 2436 637 2498 reparare
649 2421 677 2478 in
691 2429 821 2498 tempore
834 2438 972 2499 quaeque.

202 2524 264 2566 narn
276 2503 364 2566 veluti
378 2506 485 2584 privata
496 2504 561 2565 cibo
573 2513 670 2564 natura
681 2504 846 2563 animantum

203 2589 303 2650 diffluit
314 2591 444 2649 amittens
458 2605 577 2666 corpus,
591 2589 634 2648 sic
646 2588 737 2646 omnia
751 2585 857 2648 dehent

119 2683 187 2738 1040
202 2671 320 2735 dissolui
331 2670 413 2734 simul
427 2689 462 2731 00
477 2669 583 2731 (1010011
593 2669 775 2749 suppeditare

202 2758 334 2818 materies
345 2754 438 2835 aliqua
449 2755 556 2815 ratione
568 2772 667 2814 aversa
677 2756 788 2833 viaque.

200 2859 255 2901 nec
267 2839 369 2919 plagae
381 2848 501 2919 possunt
513 2839 690 2899 extrinsecus
702 2838 825 2918 nudique
838 2858 972 2899 summanr

202 2941 372 2985 conservare
384 2941 512 3001 omnem,
525 2941 721 3003 quoecumque
737 2933 782 2983 cst
797 2923 954 2984 conciliata.

202 3007 308 3069 cudero
320 3009 394 3067 enirn
407 3009 508 3069 crebro
519 3016 640 3087 possunt
651 3017 816 3087 partemque
828 3009 945 3079 morari,

119 3102 185 3158 toas
202 3092 266 3154 dum
277 3093 389 3154 veniant
400 3090 471 3152 01100
482 3109 516 3153 00
527 3092 656 3172 suppleri
667 3109 774 3152 summa
785 3101 904 3171 queatur

200 3177 340 3240 interdum
350 3176 464 3238 resilire
476 3184 569 3238 tanen
582 3185 723 3254 coguntur
734 3185 763 3237 et
774 3194 828 3236 una

200 3263 345 3342 principiis
357 3279 451 3322 rerum
463 3262 583 3339 spatium
593 3270 763 3339 tempusque
775 3259 852 3338 fugai

199 3346 311 3426 largiri,
324 3354 354 3404 ut
367 3346 479 3426 possint
494 3363 510 3404 a
523 3355 608 3406 coetu
620 3344 710 3405 libero
722 3344 799 3405 ferri,

200 3447 288 3511 quare
299 3430 382 3492 etiarn
394 3440 478 3509 atquc
492 3430 576 3490 etiarn
587 3428 708 3490 suboriri
718 3427 804 3488 multu
815 3440 986 3510 necessest,
