2288 3886
111 192 174 259 188
589 189 630 251 l'l

133 370 185 425 815
200 377 272 440 quos
284 378 373 438 opere
385 359 412 417 in
424 358 472 418 tali
485 357 600 418 cohibet
613 360 655 418 uis
669 376 769 436 magna
780 353 933 419 necessis'

198 445 251 505 hos
264 445 348 522 igitur
359 441 445 502 tcllus
457 443 546 503 omnis
559 450 707 503 exaestuat
718 452 815 503 aestus

199 530 366 607 expiratque
379 525 456 587 foras
469 527 497 584 in
508 535 636 604 apertum
649 530 836 604 promptaque
848 525 931 586 caeli.

239 612 288 670 Sic
300 619 329 670 et
340 609 453 669 Averna
464 608 528 668 loca
539 608 651 670 alitibus
666 611 839 670 summittere
850 608 955 670 debent

198 693 368 755 mortiferam
380 695 452 769 vim,
467 692 502 753 de
514 701 588 753 terra
601 710 673 771 quae
685 696 775 771 surgit
787 695 924 766 inauras,

128 787 186 842 -820
199 788 227 838 ιιι
238 779 359 856 spatium
370 775 443 837 caeli
458 775 579 854 quadam
593 776 629 837 de
641 786 721 856 parte
733 786 871 846 venenot3

199 880 255 939 qno
269 860 350 921 simul
362 879 396 920 ac
408 862 525 938 primum
536 862 637 940 pennis
649 859 742 921 delata
756 863 791 921 sit
803 859 881 938 ales,

199 946 366 1023 impediatur
377 945 415 1004 ibi
426 962 516 1005 caeco
528 954 661 1024 correpta
672 963 801 1021 veneno,

199 1039 229 1089 nt
242 1029 322 1089 cadat
333 1048 349 1088 e
362 1029 481 1105 regione
494 1027 568 1106 loci,
582 1047 636 1106 qua
649 1028 752 1105 derigit
765 1038 872 1089 aestus.

200 1130 256 1191 quo
268 1130 332 1173 cnm
344 1113 470 1189 conruit,
483 1111 530 1171 lric
542 1111 641 1172 eadem
651 1114 695 1171 vis
706 1111 782 1173 illius
795 1121 892 1172 aestus

129 1206 186 1259 8ἳό
200 1195 335 1274 reliquias
347 1198 421 1256 vitae
433 1196 566 1256 membris
579 1215 616 1256 ex
629 1195 758 1256 omnibus
770 1195 870 1256 aufert.

200 1283 306 1360 quippe
319 1282 423 1340 etenim
435 1281 524 1358 primo
539 1282 619 1358 quasi
631 1279 769 1358 quendam
782 1281 897 1340 conciet
911 1288 1036 1340 aestum:

200 1366 343 1443 posterius
356 1365 385 1423 lit
399 1365 454 1440 uti,
469 1366 597 1423 numiam
610 1362 744 1423 cecidero
755 1365 858 1423 veneni

201 1451 227 1506 in
239 1448 324 1508 fontis
337 1450 433 1526 ipsos,
446 1447 484 1506 ibi
497 1449 533 1506 sit
546 1464 660 1525 quoque
672 1449 728 1506 vita
739 1445 877 1507 vomenda

199 1540 354 1610 propterea
366 1528 442 1607 quod
453 1548 551 1607 magna
563 1530 627 1590 mali
640 1531 669 1590 frt
682 1532 765 1608 copia
777 1532 890 1590 circum.

135 1623 189 1677 830
241 1613 285 1673 Fit
298 1630 412 1691 quoque
428 1622 457 1672 ut
471 1613 609 1673 interdum
621 1616 663 1673 vis
678 1613 750 1674 haec
762 1623 846 1693 atque
858 1623 953 1674 aestus
966 1612 1076 1673 Averni

200 1704 282 1773 a'e'ra,
296 1698 342 1775 qui
357 1698 431 1756 inter
441 1698 501 1757 avis
514 1707 664 1775 cumquest
679 1707 839 1776 terramque
851 1696 981 1775 locatus,

200 1782 346 1858 discutiat,
361 1797 451 1859 prope
464 1783 502 1841 nti
514 1779 596 1841 locus
609 1781 656 1840 lric
667 1780 807 1860 linquatur
817 1783 914 1841 inanis.

202 1868 281 1926 cuins
293 1865 367 1924 ubie
381 1866 500 1942 regione
511 1864 569 1924 loci
583 1883 689 1925 venere
699 1864 845 1942 volantes,

21 2018 25 2023 ⁸
201 1948 340 2009 claudicat
352 1948 498 2027 extemplo
510 1951 653 2029 pinnarum
664 1951 742 2009 nisus
753 1949 858 2026 inanis,

136 2041 187 2095 835
200 2043 229 2093 et
242 2050 379 2092 conamen
390 2034 529 2110 utrimque
543 2032 649 2092 alarum
663 2033 790 2111 proditur
803 2049 894 2092 omne.

200 2115 248 2176 laic
260 2116 307 2174 ubi
322 2117 410 2174 nixari
422 2126 567 2194 nequeunt
578 2118 768 2194 insistereque
784 2116 853 2194 alis,

201 2198 331 2275 scilicet,
345 2199 486 2258 interram
498 2198 591 2259 delabi
607 2200 734 2278 pondere
747 2203 824 2277 cogit

200 2291 313 2360 natura,
327 2291 356 2342 et
368 2300 487 2342 vacuum
500 2301 590 2363 prope
603 2286 656 2343 iam
668 2285 811 2362 perinane
823 2285 951 2344 iacentes

201 2365 369 2444 dispergunt
380 2370 483 2428 animas
499 2385 552 2446 per
564 2366 658 2428 caulas
671 2369 799 2445 corporis
812 2369 909 2427 omnis.

605 2649 619 2682 p

136 2877 190 2931 840
203 2867 331 2944 frigidior
342 2884 427 2945 porro
443 2869 470 2927 in
484 2870 578 2947 puteis
590 2879 699 2930 aestate
715 2870 744 2929 frt
756 2885 853 2945 unior,

200 2954 319 3013 rarescit
332 2953 397 3029 quia
407 2960 483 3012 terra
497 2951 609 3029 calore,
623 2963 651 3013 et
664 2955 769 3012 semina
781 2954 804 3011 si
820 2969 892 3030 quac

201 3037 275 3096 forte
286 3037 400 3114 vaporis
416 3035 502 3096 habet
513 3037 637 3115 proprii,
651 3035 760 3096 dimittit
771 3036 798 3094 in
810 3053 901 3095 auras.

199 3137 257 3198 quo
272 3122 361 3197 magis
373 3130 418 3180 est
429 3122 514 3197 igitur
526 3119 611 3180 tellus
623 3119 708 3179 effeta
721 3118 834 3196 calore,

200 3203 230 3263 fit
243 3220 356 3281 quoque
370 3202 498 3281 frigidior
513 3206 559 3282 qni
572 3206 599 3262 in
611 3211 713 3263 terrast
724 3203 834 3263 abditus
845 3219 934 3262 umor.

137 3295 188 3348 845
202 3286 309 3364 frigore
322 3305 385 3347 cum
397 3289 532 3366 premitur
545 3303 630 3364 porro
643 3288 732 3346 omnis
744 3296 819 3347 terra
831 3287 946 3364 coitque

202 3379 230 3429 et
243 3371 322 3448 quasi
335 3373 513 3448 concrescit,
526 3371 573 3447 lit,
589 3368 717 3446 scilicet,
734 3379 764 3429 nt
776 3369 907 3430 coeundo

202 3455 340 3532 exprimat
351 3456 378 3511 in
393 3463 496 3533 puteos
509 3456 532 3513 si
545 3472 628 3533 quem
640 3455 713 3531 gerit
724 3455 786 3533 ipsa
799 3452 932 3514 calorem.
