2288 3886
521 212 561 274 tv

124 385 152 447 id
164 383 240 464 qnod
251 383 399 462 providet,
411 382 487 443 illius
498 385 540 442 rei
552 390 663 442 constat
674 385 776 460 imago.

125 487 196 547 ergo
207 468 313 528 animus
326 485 390 527 cum
401 484 468 527 sese
479 469 517 527 ita
529 477 688 527 commovet
698 476 729 526 ut
739 467 810 528 velit
822 469 863 528 irc

123 557 209 631 inque
219 549 318 630 gredi,
331 550 396 611 ferit
408 550 554 629 extemplo
566 569 638 629 quae
650 552 678 609 in
690 569 812 630 corpore
824 561 905 630 toto,

54 650 111 704 885
124 656 179 719 per
189 636 313 696 membra
323 645 408 715 atque
419 645 495 694 artus
506 680 515 712 ,
526 636 625 694 animai
638 634 735 695 dissita
746 639 790 697 ris
802 646 862 697 est:

124 732 154 783 et
165 720 278 781 facilest
289 719 382 796 iactu,
396 720 525 797 quoniam
538 721 687 779 coniuncta
699 728 819 779 tenetur.

124 805 189 865 inde
202 824 235 864 ea
247 820 387 882 proporro
400 820 505 882 corpus
517 803 601 880 ierit,
615 812 699 881 atque
710 805 748 863 ita
758 814 816 864 tota

124 888 256 970 paulatim
270 885 361 948 moles
373 887 547 966 protruditur
558 896 643 966 atque
654 897 792 947 movetur.

123 983 275 1053 praeterea
285 981 343 1031 tum
354 972 473 1031 rarescit
486 989 599 1050 quoquc
613 988 734 1050 corpas,
749 981 777 1031 et
788 979 856 1049 adr,

55 1056 256 1132 seceditur,
270 1064 300 1114 ut
311 1055 400 1115 dcbet
409 1057 456 1134 qui
470 1072 585 1133 semper
595 1055 706 1115 mobilis
718 1064 814 1131 extat,

124 1160 178 1223 per
187 1140 330 1220 patefacta
339 1141 418 1199 venit
429 1149 617 1218 penetratque
628 1138 763 1199 foramina
776 1138 889 1217 largus,

125 1235 155 1286 et
167 1225 339 1303 dispargitur
349 1223 384 1283 ad
394 1225 482 1302 partis
494 1225 531 1283 ita
544 1241 671 1302 quasque
682 1225 801 1282 minutas

126 1310 264 1388 corporis.
277 1307 323 1368 hic
335 1309 420 1384 igitur
429 1308 515 1368 rebus
529 1307 558 1366 lit
569 1309 708 1386 utrimque
720 1305 843 1385 duabus,

125 1410 223 1472 aeque
234 1393 308 1452 idat
320 1410 353 1451 ac
365 1393 443 1452 navis
454 1391 527 1452 velis
539 1402 682 1471 ventoque
695 1392 809 1452 lerator.

57 1489 112 1544 895
127 1497 183 1538 nec
193 1487 287 1537 tannen
298 1474 367 1534 illud
378 1477 406 1534 in
417 1475 460 1537 lais
471 1477 558 1537 rebus
569 1475 695 1536 mirabile
708 1485 835 1554 constat,

127 1561 232 1623 tantula
244 1560 319 1639 quod
330 1569 435 1621 tanturn
447 1578 552 1640 corpus
564 1560 735 1640 corpuscula
746 1571 866 1640 possunt

127 1656 317 1724 contorquere
330 1653 358 1704 et
371 1661 441 1705 onus
453 1654 541 1705 totum
554 1656 724 1707 convertere
735 1655 875 1706 nostrum:

126 1731 232 1810 quippe
244 1731 348 1789 etenim
362 1738 464 1789 ventus
476 1730 572 1807 suptili
586 1747 708 1808 corpore
719 1731 812 1790 tenvis

125 1815 211 1877 trudit
223 1832 312 1891 agens
324 1831 451 1891 magnam
460 1830 562 1890 magno
573 1813 714 1873 molimine
726 1830 843 1889 navem,

60 1911 115 1965 900
127 1909 156 1960 et
166 1916 263 1958 manns
274 1913 328 1957 una
338 1900 413 1974 regit
426 1899 573 1976 quantovis
584 1899 690 1976 impete
702 1904 815 1955 euntem

127 1994 212 2063 atque
224 1980 427 2060 gubernaclum
439 1990 609 2060 contorquet
621 1978 750 2061 quolibet
761 1997 862 2057 unum,

126 2067 286 2145 multaque,
304 2082 357 2145 per
367 2064 493 2126 trocleas
505 2077 533 2128 et
544 2077 690 2147 tympana,
704 2063 830 2144 pondera
840 2082 939 2143 magna

128 2160 288 2213 commovet
298 2159 382 2229 atque
394 2148 451 2210 leri
461 2150 588 2212 sustollit
598 2152 725 2212 machina
736 2152 807 2211 nisu.

168 2234 250 2295 Nunc
262 2235 363 2313 quibus
374 2234 424 2294 illc
436 2236 526 2296 modis
537 2254 652 2297 somnus
663 2254 716 2314 per
726 2235 851 2294 membra
862 2238 986 2313 quietem

62 2331 116 2385 905
130 2322 234 2397 inriget
246 2328 331 2398 atque
343 2321 425 2378 animi
438 2339 519 2380 ouras
531 2330 677 2399 epectore
689 2318 801 2394 solvat,

129 2404 280 2466 suavidicis
291 2405 386 2482 potius
399 2422 481 2482 quarn
492 2403 586 2464 multis
596 2404 729 2464 versibus
741 2400 837 2468 edam;

127 2507 231 2569 paruus
243 2497 272 2547 ut
284 2497 329 2548 est
341 2491 423 2562 cycni
434 2488 536 2548 melior
546 2505 647 2565 canor,
660 2486 709 2546 ille
721 2501 821 2563 gruum
832 2502 913 2562 quam

129 2573 235 2633 clamor
245 2573 272 2630 in
284 2571 416 2633 aetheriis
428 2573 574 2652 dispersus
585 2573 706 2632 nubibus
718 2569 813 2630 austri.

127 2667 159 2718 tu
169 2657 235 2716 milri
247 2655 281 2716 da
292 2658 384 2717 tenuis
396 2674 479 2717 aures
491 2660 666 2737 animumque
680 2671 830 2734 sagacem,

63 2751 117 2805 910
128 2761 165 2802 ne
177 2742 238 2802 lieri
249 2743 363 2818 negites
376 2758 447 2818 quae
460 2740 550 2802 dicam
561 2761 666 2822 posse,
678 2750 813 2818 retroque

128 2844 196 2886 vera
206 2824 363 2902 repulsanti
374 2824 505 2886 discedas
516 2836 636 2905 pectore
648 2827 738 2903 dicta,

128 2919 248 2970 tutemet
259 2911 288 2968 in
300 2908 383 2989 culpa
396 2924 459 2968 cnm
470 2911 510 2970 sis
523 2929 618 2990 nequo
631 2928 750 2970 cernere
764 2908 870 2987 possis.

130 2995 270 3073 principio
282 3010 396 3053 somnus
409 2993 439 3052 lit
449 2994 497 3054 ubi
508 3003 554 3054 est
565 2994 700 3054 distracta
711 3010 764 3071 per
774 3001 849 3051 artus
892 3038 895 3045 .

129 3080 173 3139 vis
184 3079 291 3138 animae
303 3079 459 3156 partimque
471 3077 547 3138 loras
563 3080 655 3138 eiecta
665 3077 789 3136 recessit

66 3171 117 3225 915
130 3171 160 3222 et
171 3163 271 3242 partim
283 3170 417 3222 contrusa
427 3163 516 3239 magis
530 3162 674 3221 concessit
685 3162 713 3219 in
724 3158 823 3220 altum:

131 3245 323 3307 dissoluuntur
334 3247 407 3305 enirn
418 3255 476 3304 tum
488 3245 598 3305 demum
608 3244 732 3304 membra
746 3242 900 3320 fluuntque.

131 3349 194 3390 nam
206 3330 319 3390 dubium
330 3347 386 3389 non
398 3339 459 3407 est,
475 3331 573 3389 animai
586 3330 652 3406 quin
663 3345 751 3407 opera
762 3327 799 3386 sit

133 3433 235 3475 sensns
246 3413 293 3475 hic
304 3416 333 3473 in
343 3414 445 3490 nobis,
458 3430 542 3493 qoem
554 3431 617 3473 curn
628 3414 718 3492 sopor
727 3410 835 3490 inpedit
847 3427 931 3488 esse,

132 3509 189 3558 tunr
200 3499 283 3558 nobis
295 3500 410 3558 animam
422 3498 612 3578 per-turbatam
624 3514 691 3557 esse
702 3494 892 3635 putandumst*
