2288 3886
551 183 578 242 V

147 349 321 432 praesidium
332 367 418 427 reges
433 350 488 429 ipsi
502 351 556 412 sibi
567 350 802 431 perfugiumque,

148 444 180 496 11
193 452 286 514 pecus
297 444 382 512 atque
396 450 481 510 agros
493 433 616 494 divisere
626 445 712 512 atque
723 434 829 496 dedere

148 535 203 597 pro
218 517 293 578 facie
309 518 446 596 cuiusque
458 527 487 577 et
498 518 603 578 viribus
618 518 805 597 ingenioque:

61 613 133 666 1110
148 619 215 663 nam
230 601 319 662 facies
329 599 445 660 multum
456 599 542 660 valuit
556 603 691 679 viresque
705 603 854 680 vigorque.

149 686 295 765 posterius
309 702 357 744 res
371 687 510 743 inventast
522 702 675 762 aurumque
686 694 847 763 repertum,

152 767 229 846 quod
240 767 325 827 facile
336 776 365 828 11
375 766 475 827 validis
487 775 516 827 et
526 767 653 846 pulchris
669 768 790 845 dempsit
801 767 951 830 honorem:

150 851 287 912 divitioris
300 851 374 913 enim
385 858 493 912 sectam
504 849 670 929 plerumque
681 861 816 912 secuntur

153 933 315 1014 quemlubet
326 941 356 993 11
369 933 459 993 fortes
475 942 503 993 et
514 934 634 1012 pulchro
649 952 770 1013 corpore
786 937 865 996 creti.

57 1029 132 1083 1115
151 1016 228 1098 quod
242 1019 331 1096 siquis
341 1035 410 1079 vera
424 1018 508 1076 vitam
522 1020 630 1078 ratione
641 1018 798 1096 gubemet‚

152 1102 265 1163 divitiae
280 1098 401 1178 grandes
412 1100 516 1160 bomini
527 1110 591 1161 sunt
601 1104 699 1162 vivere
710 1120 797 1180 parce

151 1202 244 1264 aequo
255 1185 361 1244 animo:
375 1202 469 1262 neque
481 1185 558 1244 enim·
566 1195 610 1245 est
622 1202 751 1263 umquam
761 1186 878 1261 penuria
889 1187 976 1263 parvi.

150 1278 179 1329 11
192 1267 285 1328 claros
299 1266 427 1328 homines
440 1266 591 1329 voluerunt
606 1287 638 1329 11
650 1277 735 1346 atque
747 1277 899 1346 potentes,

151 1360 181 1411 ut
192 1350 372 1411 fundamento
383 1349 476 1411 stabili
484 1350 594 1411 fortuna
605 1361 730 1411 maneret

59 1447 135 1501 ‘2120
151 1445 180 1496 11
190 1432 330 1514 placidam
340 1444 460 1512 possent
470 1435 596 1513 opulenti
612 1434 720 1512 degere
730 1436 832 1511 1111111,

150 1519 336 1598 nequiquam,
350 1519 480 1596 quoniam
489 1516 526 1578 ad
538 1537 673 1579 summum
688 1519 846 1580 succedere
861 1519 998 1580 honorem

153 1610 296 1663 certantes
305 1602 360 1661 iter
369 1601 503 1662 infestum
513 1602 612 1663 fecere
623 1605 694 1680 viai,

152 1695 183 1747 ct
195 1696 287 1747 tamen
299 1703 316 1744 e
328 1702 453 1762 summo,
467 1688 546 1764 quasi
558 1685 681 1762 fulmen,
693 1686 778 1746 deicit
789 1688 862 1747 ictos

151 1767 255 1830 invidia
268 1769 406 1830 interdum
417 1771 600 1848 contemptim
613 1771 642 1828 in
652 1768 765 1829 Tartara
779 1778 883 1837 taetra;

62 1865 135 1920 1125
150 1863 182 1914 ut
192 1855 278 1915 satius
289 1851 377 1913 multo
391 1854 445 1913 iam
458 1853 494 1912 sit
505 1869 606 1930 parere
618 1853 743 1930 quietum

151 1954 236 2017 quam
249 1954 352 2014 regere
367 1937 486 2015 imperio
498 1953 547 1996 res
557 1935 635 1996 velle
646 1945 676 1995 11
686 1952 775 2012 regna
785 1944 895 1996 tenere.

152 2019 273 2100 proinde
287 2022 349 2081 sine
360 2021 388 2079 in
400 2038 511 2081 cassum
523 2019 630 2081 defessi
644 2021 781 2097 sanguine
791 2018 909 2098 sudent,

77 2124 80 2130 ’
151 2114 302 2183 angustum
313 2123 367 2185 per
380 2106 435 2166 iter
448 2102 589 2166 luctantes
600 2105 774 2174 ambitionis;

153 2188 379 2267 quandoquidem
389 2188 500 2266 sapiunt
513 2187 606 2249 alieno
618 2208 656 2249 ex
667 2207 717 2250 ore
731 2198 887 2268 petuntque

65 2283 138 2338 1131)
150 2290 200 2333 111
213 2271 360 2333 exauditis
372 2273 466 2350 potius
478 2290 559 2352 quam
572 2274 703 2334 sensibus
717 2274 804 2351 ipsis,

153 2374 209 2416 nec
220 2357 309 2433 magis
320 2355 348 2414 id
359 2373 433 2414 nuno
448 2366 492 2416 111
506 2375 599 2435 neque
612 2357 665 2416 erit
678 2373 745 2414 mox
755 2373 837 2432 quam
848 2355 899 2415 fuit
912 2365 995 2432 ante,

153 2438 256 2499 invidia
267 2443 413 2518 quoniam,
426 2458 480 2500 ceu
491 2438 622 2516 fulmine,
635 2457 740 2499 summa
750 2447 886 2516 vaporant

153 2521 321 2602 plerumque
333 2533 362 2584 et
375 2541 445 2602 quae
458 2532 522 2584 sunt
535 2522 597 2584 aliis
609 2524 698 2600 magis
710 2520 784 2582 edita
795 2539 924 2598 cumque.

195 2605 275 2683 Ergo
286 2607 404 2685 regibus
415 2609 520 2669 occisis
535 2608 672 2668 subversa
682 2606 792 2669 iacebat

66 2701 137 2756 1135
153 2691 271 2771 pristina
280 2692 412 2752 maiestas
422 2689 558 2751 soliorum
569 2701 597 2752 et
611 2701 727 2770 sceptra
741 2691 880 2771 superba,

155 2784 184 2836 11
196 2775 296 2853 capitis
308 2777 406 2834 summi
420 2774 596 2851 praeclarum
610 2778 721 2854 insigne
733 2784 877 2836 cruentum

154 2859 207 2919 sub
223 2857 344 2935 pedibus
357 2856 435 2936 vulgi
447 2877 575 2936 magnum
587 2859 703 2936 lugebat
714 2858 865 2918 honorem:

152 2960 218 3010 nam
233 2941 335 3020 cupide
351 2940 535 3003 conculcatur
547 2944 629 3003 nimis
642 2952 706 3002 aute
719 2951 861 3002 metatum.

153 3044 202 3089 res
212 3027 307 3103 itaque
317 3024 353 3086 ad
364 3044 498 3088 summam
509 3026 619 3087 faecem
630 3025 784 3102 turbasque
796 3025 922 3098 redibat,

68 3119 138 3174 1140
153 3110 301 3188 imperium
315 3109 368 3170 sibi
383 3129 447 3170 cum
456 3127 491 3169 ac
503 3119 667 3170 summatum
682 3109 801 3186 quisque
818 3105 940 3184 petebat.

155 3194 220 3253 iude
234 3195 424 3271 magistratum
436 3197 535 3270 partim
547 3193 671 3253 docuere
687 3209 802 3267 creare,

155 3280 272 3356 iuraque
284 3279 475 3356 constituere,
488 3288 518 3338 ut
530 3277 637 3338 vellent
650 3273 764 3353 legibus
778 3276 827 3334 uti.

156 3378 219 3421 nam
230 3379 321 3437 genus
331 3360 495 3439 humanum,
509 3362 652 3422 defessum
661 3361 690 3418 vi
704 3356 802 3419 colere
816 3375 933 3436 aevom,

157 3463 196 3504 ex
208 3445 358 3504 inimicitiis
371 3443 537 3522 languebat;
550 3461 605 3524 quo
620 3444 709 3521 magis
723 3443 815 3521 ipsum
