2288 3886
621 207 649 270 11

207 377 344 456 scilicet,
359 386 388 437 et
400 377 459 437 nso
474 374 596 436 tremulo
609 392 749 437 concussa
766 376 933 438 cachinnant

207 472 238 524 et
253 462 377 523 lacrimis
389 468 526 539 spargunt
537 458 698 521 rorantibus
710 477 759 521 ora
772 478 938 540 genasque,

206 545 356 625 multaque
368 545 509 605 derorum
522 546 642 605 mixtura
653 543 750 605 dicere
764 544 884 623 callent,

207 641 239 692 et
252 631 307 691 sibi
322 644 463 709 proporro
477 646 550 707 quae
565 630 620 688 sint
634 628 785 707 primordia
798 639 950 707 quaerunt;

137 726 192 782 98⁰
204 712 437 795 quandoquidem
451 715 519 773 totis
531 711 695 773 mortalibus
707 712 871 773 adsimulata

205 803 273 879 ipsa
286 814 401 877 quoque
414 815 451 857 ex
462 795 525 857 aliis
537 797 643 856 debent
656 807 787 857 constare
799 796 966 875 elementis,

206 883 276 944 inda
287 881 342 942 alia
353 900 391 942 ex
405 880 486 958 aliis,
498 898 635 959 nusquam
648 882 806 942 consistere
823 891 853 942 ut
864 884 958 943 ausis:

206 969 317 1047 quippe
330 983 450 1046 sequar,
463 964 664 1045 quodcumque
676 965 754 1045 loqui
766 965 917 1046 ridereque
929 966 1010 1028 dices

204 1061 239 1113 et
249 1069 370 1131 sapere,
383 1067 422 1110 ex
436 1047 498 1109 aliis
510 1049 610 1110 eadem
621 1049 694 1109 haee
706 1048 877 1110 facientibus
890 1058 921 1109 nt
931 1053 975 1111 sit.

130 1146 191 1203 985
205 1134 286 1216 quod
299 1137 324 1196 si
335 1132 424 1194 delira
435 1132 509 1193 haec
523 1133 688 1213 furiosaque
702 1136 842 1194 cernimus
854 1153 938 1212 esse,

206 1230 240 1282 et
252 1218 346 1281 ridara
357 1226 456 1297 potest
467 1234 524 1277 non
535 1236 573 1277 ex
588 1217 737 1277 ridentibu’
749 1217 859 1295 lactus,

207 1314 240 1366 et
250 1320 356 1383 sapere
370 1311 400 1364 et
413 1301 506 1363 doctis
518 1303 655 1363 rationem
668 1302 790 1363 reddere
801 1302 885 1363 dictis

207 1406 268 1449 non
280 1405 318 1448 ex
328 1387 483 1448 seminibus
495 1387 670 1465 sapientibus
683 1395 769 1467 atqua
781 1386 912 1464 disertis,

206 1476 257 1552 qui
269 1473 359 1532 minua
371 1489 439 1532 essa
452 1478 556 1551 queant
568 1489 602 1531 ea
614 1489 685 1550 quae
698 1473 804 1533 sentire
815 1471 942 1533 videmus

131 1567 192 1623 990
205 1556 363 1619 seminibus
374 1557 513 1634 permixta
526 1556 686 1616 carentibus
699 1556 823 1636 undique
835 1552 944 1618 sensu?

250 1639 383 1719 Denique
395 1639 514 1699 caelesti
526 1657 623 1702 sumus
632 1657 731 1701 omnes
743 1643 851 1702 semiue
863 1639 987 1701 oriundi:

208 1725 339 1785 omnibus
351 1723 402 1783 illa
414 1723 489 1784 idem
500 1734 582 1803 pater
596 1735 659 1802 est,
671 1725 745 1785 unde
757 1724 828 1785 alma
840 1724 976 1804 liquentis

209 1810 315 1868 umoris
328 1816 422 1886 guttas
432 1817 523 1868 mater
535 1826 598 1868 cum
609 1817 684 1868 terra
696 1810 825 1886 recepit,

206 1893 267 1954 ieta
279 1895 352 1972 parit
363 1892 463 1953 nitidas
476 1892 576 1968 fruges
591 1891 762 1970 arbustaque
775 1890 849 1950 laeta

135 1988 194 2044 995
210 1987 240 2038 et
253 1995 345 2055 genus
356 1975 522 2054 humanum,
541 1976 614 2054 parit
625 1977 716 2035 omnia
728 1974 825 2036 saecla
836 1974 976 2051 ferarum,

207 2061 313 2141 pabula
326 2079 389 2121 cum
402 2061 541 2140 praebet,
555 2061 657 2139 quibus
670 2077 769 2121 omnes
784 2076 904 2139 corpora
917 2067 1038 2138 pascunt

208 2154 238 2206 et
251 2145 364 2205 dulcem
376 2145 482 2205 ducunt
491 2147 577 2205 vitam
587 2145 755 2226 prolemque
769 2153 940 2225 propagant;

210 2239 387 2309 quapropter
400 2231 501 2289 merito
512 2238 667 2289 maternum
677 2247 781 2292 nomen
792 2230 895 2309 adepta
907 2238 960 2288 est.

209 2313 287 2375 cedit
297 2315 366 2373 item
377 2323 472 2391 retro,
484 2313 519 2374 da
530 2323 605 2374 tarra
617 2312 693 2392 qnod
707 2314 760 2372 luit
771 2323 852 2390 ante,

118 2410 194 2465 looo
207 2400 356 2475 interrae,
369 2407 398 2458 et
414 2398 490 2477 quod
500 2400 644 2459 missumst
656 2416 694 2457 ex
705 2396 829 2456 aetheris
841 2397 915 2472 oris,

208 2482 238 2542 id
248 2501 359 2543 rursum
371 2480 443 2542 caeli
454 2482 585 2542 rellatum
596 2479 701 2560 templa
712 2487 869 2558 receptant.

208 2586 265 2628 nec
278 2569 321 2627 sic
334 2567 560 2627 interemit'mors
572 2585 637 2643 res,
654 2573 683 2625 ut
695 2565 819 2624 materiai

210 2667 332 2730 corpora
343 2651 491 2728 coniiciat,
503 2651 556 2711 sed
570 2660 683 2711 coetum
694 2649 821 2728 dissupat
833 2647 914 2708 ollis:

207 2735 274 2797 inde
285 2734 348 2795 aliis
360 2734 435 2795 aliud
448 2737 643 2814 coniungitur,
660 2744 689 2795 et
701 2735 731 2795 lut
743 2744 772 2796 ut
785 2751 883 2794 omnes

119 2830 193 2886 1006
207 2839 256 2881 res
269 2822 306 2881 ita
319 2828 483 2881 convertant
496 2818 599 2880 formas
612 2830 777 2899 mutentque
794 2817 908 2879 colores

209 2912 240 2964 et
251 2906 363 2984 capiant
373 2923 476 2964 sensus
488 2912 517 2964 et
528 2914 633 2982 puncto
644 2914 774 2983 tempore
789 2902 922 2980 reddant,

208 2997 239 3048 nt
252 3004 357 3049 noscas
367 2988 478 3048 referre
492 2988 591 3049 eadem
601 2988 752 3068 primordia
761 3005 856 3047 rerum

210 3089 274 3131 oum
289 3073 392 3151 quibus
404 3081 434 3132 et
445 3072 520 3151 quali
533 3074 659 3152 positura
671 3074 867 3132 contineantur

209 3165 239 3217 et
251 3173 324 3235 quos
335 3158 409 3217 inter
419 3174 452 3217 se
464 3156 531 3216 dent
543 3167 636 3218 motus
647 3158 862 3235 accipiantque,

120 3251 194 3309 ao1o
204 3258 279 3301 neve
291 3250 377 3320 putes
388 3249 503 3301 aeterna
514 3258 606 3319 penes
613 3240 742 3300 residere
755 3249 874 3320 potesse

209 3341 331 3404 corpora
341 3327 450 3405 prima,
463 3325 539 3404 quod
551 3327 579 3385 in
596 3327 706 3386 cunetis
719 3324 828 3384 lluitare
839 3321 967 3382 videmus

205 3409 296 3472 rebus
307 3417 337 3471 et
348 3409 487 3469 interdum
498 3412 577 3471 nasei
589 3409 742 3488 subitoque
754 3408 858 3488 perire.

234 3488 259 3579 ΙΙ
265 3493 341 3569 Quin
354 3494 438 3554 etiam
448 3492 537 3555 refert
548 3494 652 3555 nostris
664 3494 692 3552 in
706 3490 837 3554 versibus
852 3491 923 3572 ipsis
