2288 3886
518 116 544 174 V

79 279 116 340 tit
126 281 181 342 sire
191 297 269 342 suam
281 279 398 359 proprio
409 279 493 339 iactat
505 279 541 339 de
554 297 676 359 corpore
686 281 798 359 iucem,

123 363 250 444 quidquid
260 362 289 422 id
300 371 363 440 est,
377 360 435 422 uilo
447 362 537 423 fertur
547 364 652 426 maiore
666 365 755 443 ligura

123 467 215 528 quam,
228 448 334 508 uostris
347 445 439 507 oeulis
452 464 507 523 qua
519 447 677 526 cernimus,
690 467 757 510 esse
767 449 888 512 ridetur.

121 551 177 593 uam
191 528 270 609 prius
282 531 390 607 omnia,
403 547 476 607 quae
487 528 574 608 louge
585 540 694 592 semota
704 541 814 593 tuemur

120 624 182 677 aera
194 613 393 696 permultum,
407 614 507 692 speeie
521 614 639 676 confusa
649 614 780 677 videntur

63 699 111 760 580
120 718 197 780 apuam
207 699 293 758 minui
305 695 390 756 iilum.
403 708 576 777 quapropter
587 697 651 758 luna
660 717 784 761 neeesse
799 711 860 780 est,

118 780 340 865 quandoquidem
354 779 457 840 elatam
470 782 599 860 speeiem
611 791 772 861 certamque
787 784 903 862 figurem

118 867 251 948 praebet,
264 873 295 925 ut
306 874 351 926 est
363 865 421 925 oris
434 866 569 925 extremis
582 883 702 943 eumque
716 875 811 928 notata

118 961 275 1031 quantaque
287 956 415 1027 quantast
426 947 491 1009 hinc
502 949 584 1010 nobis
595 948 723 1011 videatur
732 951 760 1009 iu
771 949 838 1012 alto.

117 1044 261 1115 postremo
273 1049 469 1111 quoscumque
479 1031 560 1093 rides
574 1032 640 1093 hine
650 1031 774 1093 aetheris
788 1035 888 1113 ignes,

63 1120 106 1180 ιιι
118 1115 342 1197 quandoquidem
354 1132 549 1194 quoscumque
563 1117 684 1177 interris
698 1117 842 1196 eemimu',
856 1116 997 1194 flammae

116 1203 180 1263 dum
190 1210 298 1261 tremor
309 1208 353 1261 eet
367 1198 478 1276 alume,
494 1200 557 1259 dum
570 1201 693 1260 cernitur
704 1199 913 1281 arianorum,

116 1301 285 1365 perparvum
299 1281 429 1362 quiddam
443 1282 582 1343 interdum
594 1293 700 1344 mutare
710 1283 823 1345 videtur

116 1369 232 1431 alteram
242 1376 331 1427 utram
343 1367 370 1425 iu
382 1375 491 1446 partem
503 1366 595 1446 iilum,
612 1386 667 1445 quo
682 1367 795 1447 lougius
808 1370 925 1449 absunt,

115 1455 190 1514 seire
201 1449 271 1512 lieet
282 1467 418 1530 perquam
428 1449 554 1529 pauxillo
566 1470 654 1531 posse
665 1454 789 1515 minores

63 1545 105 1600 ιιι
115 1555 182 1598 esse
194 1534 242 1594 rel
254 1535 358 1611 exigua
368 1535 480 1595 maioris
492 1544 571 1614 parte
583 1537 730 1615 brevique.

155 1618 229 1681 lllud
239 1620 307 1679 item
320 1635 376 1677 neu
391 1627 435 1679 est
446 1618 614 1695 mirandum,
632 1638 686 1696 qua
696 1624 803 1681 ratione

114 1702 236 1765 tantulus
248 1700 298 1762 ille
310 1710 395 1781 queat
404 1710 509 1762 tautum
519 1700 564 1762 sol
576 1704 686 1762 mittere
701 1702 812 1780 lumen,

116 1787 190 1866 quod
201 1787 287 1846 maria
297 1803 331 1845 ae
343 1793 433 1846 terme
448 1786 538 1845 omnis
553 1783 719 1862 caelumque
730 1785 847 1862 rigaudo

116 1869 257 1949 compleat
268 1878 298 1930 et
309 1867 401 1929 calido
412 1867 561 1947 perfundat
573 1876 673 1928 cuneta
683 1886 799 1947 vapore.

63 1964 102 2018 tes
113 1973 175 2015 uam
187 1954 257 2014 lieet
267 1952 332 2012 hine
344 1951 438 2012 muudi
449 1952 618 2031 patefactum
634 1954 720 2012 totius
732 1970 816 2012 unum

114 2037 272 2116 largifluum
283 2035 390 2096 tentem
401 2045 513 2097 scatere
524 2046 608 2115 atque
621 2054 769 2117 erumpere
782 2036 892 2116 lumen,

116 2122 238 2182 exomni
252 2119 355 2180 mundo
368 2121 432 2199 quia
442 2122 485 2181 sic
497 2119 637 2182 elementa
647 2123 761 2200 vaporis

116 2205 238 2284 undique
250 2205 420 2264 eeureuiunt
432 2206 515 2265 etsie
528 2206 674 2264 coniectus
686 2221 784 2264 eorum

116 2289 249 2366 confluit,
263 2307 300 2348 ex
310 2305 366 2347 uuo
378 2290 471 2368 eapite
486 2288 532 2349 hie
544 2297 574 2347 ut
585 2286 705 2365 profluat
716 2286 807 2346 ardor.

63 2384 103 2438 teo
116 2391 209 2433 noune
220 2370 302 2432 vides
314 2372 397 2432 etiam
409 2389 489 2451 quam
501 2371 557 2431 late
568 2388 672 2451 parvus
684 2371 766 2449 aquai

115 2467 194 2536 prata
207 2457 282 2534 riget
293 2455 357 2516 fous
371 2454 508 2516 interdum
520 2456 683 2534 campisque
694 2452 852 2515 redundet?

116 2550 161 2601 est
173 2541 256 2600 etiam
268 2555 382 2618 quoque
394 2540 433 2599 uti
444 2556 500 2598 uon
510 2556 611 2615 magno
623 2538 693 2600 solis
705 2539 741 2599 ab
752 2538 809 2615 igni

115 2631 182 2684 aera
192 2623 331 2703 pereipiat
344 2622 440 2683 ualidis
454 2622 613 2685 fervoribus
626 2622 725 2702 ardor,
876 2691 879 2700 ,

117 2717 293 2786 opportunus
305 2707 342 2766 ita
354 2716 399 2766 est
409 2708 434 2767 si
448 2705 523 2767 forte
535 2715 564 2767 et
575 2707 693 2768 idoneus
706 2714 771 2786 aer,

63 2803 104 2856 505
118 2802 148 2851 ut
160 2799 246 2870 queat
257 2787 375 2850 aeeeudi
387 2791 481 2868 parvis
491 2788 637 2850 ardoribus
648 2792 736 2858 ietus;

117 2875 193 2953 qued
203 2892 295 2952 genus
305 2873 445 2935 interdum
455 2883 573 2951 segetes
585 2872 773 2951 stipulamque
784 2873 912 2934 videmus

116 2957 249 3018 accidere
261 2977 299 3018 ex
310 2975 364 3016 uua
375 2956 498 3018 scintilla
508 2954 636 3017 iueeudia
646 2958 759 3034 passim.

116 3042 234 3103 Forsitan
244 3050 273 3102 et
283 3059 367 3102 rosea
377 3040 422 3102 sol
434 3039 491 3101 alte
501 3038 629 3118 lampade
642 3037 742 3099 lueeus

116 3125 263 3205 possideat
273 3124 389 3185 multum
399 3125 493 3185 eaeeis
508 3122 669 3184 fervoribus
681 3123 775 3200 iguem

63 3219 106 3274 ilo
117 3211 224 3270 eireum
236 3228 287 3287 se,
303 3206 381 3268 uuile
394 3210 441 3287 qui
452 3210 489 3268 sit
500 3205 613 3284 fulgere
625 3214 756 3282 notatus,

116 3293 234 3354 aestifer
245 3301 274 3352 ut
285 3301 390 3352 tautum
403 3291 541 3352 redieram
552 3299 691 3367 exaugeat
706 3291 800 3349 ictum.

158 3375 222 3437 Nee
232 3377 303 3436 ratio
314 3373 384 3436 solis
396 3374 518 3454 simplex
528 3372 642 3435 reclusa
655 3375 792 3451 patescit,
