2288 3886
116 143 140 207 8
609 149 622 210 l

194 312 363 389 arboribus,
377 321 511 372 creseunt
524 312 604 390 ipsae
616 310 734 391 fetuque
746 322 911 391 gravantur:

194 394 261 456 bine
272 394 356 456 alitur
365 411 452 475 porro
464 404 590 456 nostrum
601 413 693 472 genus
705 405 790 475 atque
802 396 940 459 ferarum:

128 488 182 544 ibis
195 478 261 539 bine
273 478 362 540 laetas
374 478 461 539 urbes
473 479 570 558 pueris
579 478 683 539 florere
694 479 841 560 videmus,

195 562 424 642 frondiferasque
435 563 516 622 noris
528 563 626 623 aribus
639 580 742 624 canere
754 563 877 643 undique
888 564 994 626 silvas:

194 646 262 706 birra
273 645 369 707 fessae
380 645 509 725 pecudes
522 647 619 725 pingui
630 664 684 724 per
695 647 798 726 pabula
808 646 882 708 laeta

197 747 320 808 corpora
331 729 491 810 deponunt,
504 739 534 790 et
547 728 670 790 candens
680 729 791 792 lacteus
803 749 883 792 umor

195 814 332 875 uberibus
343 823 434 875 manat
446 812 590 874 distentis:
606 813 672 874 bine
683 831 756 874 nova
767 814 865 894 proles

130 906 184 962 260
197 897 314 959 artubus
326 899 441 958 iniirmis
456 907 568 957 teneras
583 896 690 958 lasciva
702 915 755 976 per
766 897 869 958 herbas

194 980 265 1042 ludit
276 980 351 1042 laete
362 998 441 1041 mero
452 990 562 1042 mentes
574 979 707 1057 perculsa
718 980 856 1042 novellas.

195 1064 270 1127 baud
280 1066 366 1144 igitur
376 1066 489 1143 penitus
501 1074 622 1143 pereunt
634 1083 829 1144 quaecumque
841 1066 987 1138 videnturt

196 1148 307 1229 quando
319 1147 375 1210 alid
388 1166 425 1208 ex
435 1148 490 1208 alio
502 1148 593 1208 reiicit
604 1157 718 1226 natura,
730 1167 786 1209 nee
797 1147 883 1209 ullam

195 1251 256 1295 rem
266 1234 345 1311 gigni
356 1234 477 1313 patitur,
488 1233 542 1292 nisi
557 1241 648 1292 morte
659 1231 751 1292 adiuta
760 1231 860 1294 aliena.

130 1325 182 1382 265
219 1331 221 1335 ’
241 1316 324 1377 Nune
338 1334 411 1394 age,
423 1334 471 1376 res
483 1317 613 1394 quoniam
623 1315 708 1376 docui
718 1334 775 1376 non
785 1335 875 1396 posse
888 1318 978 1379 creari

196 1401 232 1462 de
243 1400 302 1460 nilo
314 1418 409 1478 neque
421 1401 488 1460 item
499 1400 610 1476 genitas
622 1398 656 1458 ad
667 1398 706 1459 nil
717 1403 865 1479 revocari,

194 1504 231 1545 ne
244 1502 298 1562 qua
309 1483 383 1544 iorte
395 1491 487 1542 tamen
499 1491 619 1562 coeptes
631 1482 761 1544 diffidere
776 1484 877 1564 dietis,

196 1567 272 1648 quod
283 1576 428 1646 nequeunt
442 1564 532 1627 oeulis
543 1585 637 1626 rerum
650 1567 799 1646 primordia
811 1571 906 1649 cerni,

195 1653 297 1730 accipe
310 1659 460 1729 praeterea
471 1668 543 1729 quae
555 1668 676 1731 corpora
687 1659 747 1711 tute
757 1663 910 1715 necessest

128 1742 182 1799 270
200 1735 353 1798 confiteare
365 1753 432 1794 esse
444 1735 472 1793 in
480 1733 567 1795 rebus
579 1753 634 1794 nee
645 1752 734 1813 posse
745 1734 845 1796 videri.

196 1819 336 1899 principio
347 1819 424 1878 venti
435 1819 479 1879 vis
490 1819 624 1879 verberat
634 1820 719 1879 incita
730 1829 848 1897 pontiur

194 1904 376 1981 ingentisque
386 1904 441 1963 ruit
451 1903 530 1963 naris
543 1911 571 1962 et
581 1901 676 1962 nubila
687 1902 798 1980 differt,

194 1986 334 2048 interdum
344 1986 442 2066 rapide
454 2004 626 2064 percurrens
637 1986 748 2045 turbine
761 2003 876 2064 campus

194 2071 342 2131 arboribus
354 2071 461 2146 magnis
473 2071 572 2129 sternit
583 2069 741 2147 montisque
753 2086 902 2147 supremos

128 2160 182 2218 275
195 2152 348 2230 silvifragis
359 2161 443 2213 vexat
456 2151 567 2212 flabris:
582 2154 620 2212 ita
630 2151 751 2232 periurii
761 2154 819 2213 aeri

196 2255 260 2298 eurn
271 2236 384 2296 fremitu
393 2237 541 2315 saevitque
553 2237 653 2297 minaei
665 2254 804 2296 murmure
820 2247 931 2299 ventus.

96 2334 98 2339 ·
195 2328 260 2382 sunt
270 2321 356 2399 igitur
365 2321 459 2398 venti,
470 2321 612 2399 nimirum,
627 2338 748 2400 corpora
761 2338 864 2399 caeca,

196 2423 268 2485 quae
277 2421 371 2482 mare,
385 2422 457 2483 quae
468 2414 575 2481 terras,
589 2423 660 2483 quae
673 2403 795 2484 denique
811 2405 905 2466 nubila
917 2405 990 2467 eaeii

194 2498 310 2550 verrunt
320 2507 354 2548 ae
365 2489 459 2550 subito
471 2489 601 2550 vexantia
610 2489 721 2550 turbine
733 2499 858 2567 raptant,

125 2581 180 2637 280
192 2592 247 2633 nee
257 2575 366 2633 ratione
378 2572 465 2632 fluunt
476 2571 529 2630 alia
540 2582 720 2650 stragemque
733 2583 907 2651 propagant,

196 2666 301 2719 etcum
315 2655 409 2715 mollis
420 2672 509 2732 aquae
522 2655 612 2714 fertur
620 2664 716 2715 natura
730 2664 850 2733 repente

196 2740 309 2801 flumine
320 2737 487 2815 abundanti,
499 2756 582 2816 quam
595 2737 683 2815 largis
696 2739 830 2799 imbribus
847 2751 933 2818 auget

194 2822 337 2896 montibus
349 2840 385 2881 ex
395 2821 459 2882 altis
470 2840 587 2899 magnus
602 2823 740 2882 decursus
753 2825 849 2901 aquai,

195 2906 330 2984 fragmina
342 2907 486 2965 coniciens
497 2906 629 2966 silvarum
639 2907 808 2984 arbustaque
820 2917 894 2987 tota,
950 2914 962 2938 ²

126 3001 179 3056 265
193 3009 249 3051 nee
258 2988 343 3050 validi
354 2999 474 3068 possunt
485 2999 587 3069 pontes
599 2991 738 3051 venientis
753 2993 833 3068 aquai

66 3082 74 3088 “
194 3075 252 3134 rim
262 3074 381 3134 subitum
393 3071 529 3134 tolerare:
539 3075 577 3134 ita
586 3091 688 3151 magno
701 3073 828 3135 turbidus
840 3075 920 3136 imbri

194 3156 317 3218 molibus
327 3159 459 3234 incurrit,
471 3155 572 3219 validis
585 3158 783 3235 numinibus,
796 3161 900 3235 arnnis,

196 3240 241 3301 dut
254 3241 347 3302 sonitu
358 3258 460 3318 magno
473 3251 614 3322 stragem,
626 3240 773 3319 volvitque
787 3241 841 3301 sub
853 3242 935 3304 undis

193 3324 310 3404 mandis
319 3342 403 3402 saxa,
419 3335 502 3385 ruunt
514 3343 586 3404 quae
598 3325 732 3404 quidquid
745 3324 878 3386 fluetibus
890 3328 992 3387 obstat.

128 3416 180 3471 290
195 3410 237 3469 sie
249 3409 334 3486 igitur
344 3408 449 3469 debent
465 3411 541 3468 uenti
556 3427 670 3489 quoque
682 3408 789 3468 flamina
804 3407 888 3490 ferri,
