2310 3892
513 182 539 241 V

107 364 195 433 atque
206 352 370 414 lacunarum
380 351 491 412 fuerant
504 353 625 429 vestigia
637 353 750 429 cuique.

61 448 93 502 50
108 447 168 497 tum
179 435 348 516 penetrabat
362 453 415 496 eos
426 453 515 513 posse
528 435 600 494 haec
612 433 765 513 liquefacta
781 437 877 498 calore

110 520 265 600 quamlibet
279 521 308 578 in
323 519 440 578 formam
454 528 483 579 et
495 518 597 577 faciem
613 518 766 579 decurrere
778 539 889 599 rerum,

109 614 140 665 et
151 620 284 683 prorsum
299 603 426 680 quamvis
438 602 466 660 in
480 611 562 661 acuta
572 619 607 660 ac
618 604 712 662 tenvia
726 620 815 682 posse

109 702 277 746 mucronum
288 685 353 745 duci
365 684 476 761 fastigia
489 684 691 763 procudendo,

107 764 140 830 ¹ut
153 771 208 830 sibi
221 767 280 829 tela
295 768 410 844 darent,
424 768 568 845 silvasque
583 778 613 828 ut
625 769 746 829 caedere
757 781 877 849 possent

60 864 93 918 65
110 855 314 930 materiemque
328 852 429 929 domo,
445 852 542 911 levare
553 868 587 911 ac
601 852 701 913 radere
713 854 789 930 tigna

110 946 140 996 et
152 935 301 997 terebrare
317 936 401 1003 etiam
414 953 448 994 ac
461 935 633 1012 pertundere
646 953 754 1013 perque
767 935 869 996 forare.

110 1038 166 1080 nec
181 1021 272 1080 minus
284 1027 402 1095 argento
414 1019 511 1078 iacere
524 1018 596 1077 baec
610 1037 736 1098 auroque
748 1020 883 1097 parabant.

111 1121 196 1181 quam
209 1103 294 1162 validi
307 1103 425 1178 primum
436 1101 569 1162 violentis
582 1103 690 1162 viribus
701 1105 791 1178 aeris,

111 1188 300 1265 nequiquam,
313 1187 444 1263 quoniam
457 1185 578 1245 cedebat
589 1187 664 1245 vieta
675 1196 804 1264 potestas

59 1278 94 1334 to
111 1289 168 1330 nec
182 1277 293 1348 poterat
305 1270 410 1346 pariter
425 1267 523 1327 durum
537 1268 657 1328 sufferre
671 1269 805 1329 laborem.

110 1364 171 1414 tum
182 1353 234 1413 fuit
244 1353 273 1410 in
287 1354 381 1429 pretio
396 1354 486 1429 magis
500 1371 555 1412 uec
565 1397 574 1428 ‚
586 1370 739 1429 nurumque
754 1352 864 1412 iacebat

110 1446 231 1517 propter
244 1435 421 1495 inutilitatem
436 1434 534 1495 hebeti
547 1453 684 1496 mucrone
695 1445 839 1497 retusum:

110 1539 186 1580 nuuc
200 1522 274 1581 iacet
288 1537 355 1595 aes,
366 1537 463 1579 aurum
477 1520 506 1578 in
519 1537 655 1581 summum
667 1521 808 1581 successit
818 1520 966 1582 bonorem.

112 1606 155 1664 sic
168 1602 310 1664 volvenda
321 1612 399 1662 aetas
412 1612 565 1662 commutat
579 1611 707 1682 tempora
718 1622 820 1663 rerum.

59 1693 94 1750 ts
113 1686 190 1766 quod
203 1686 256 1746 fuit
267 1688 295 1744 in
307 1687 417 1764 pretio,
431 1687 461 1745 fit
473 1685 551 1744 nullo
566 1685 688 1764 denique
702 1686 826 1747 bonore:

112 1787 198 1849 porro
210 1768 279 1830 aliut
293 1769 423 1829 succedit
438 1778 468 1828 et
483 1788 499 1827 e
511 1770 722 1847 contemptibus
736 1773 812 1846 exit,

111 1857 198 1932 inque
210 1853 272 1912 dies
286 1854 375 1930 magis
388 1851 530 1929 adpetitur
544 1852 685 1929 floretque
697 1862 843 1932 repertum

112 1937 242 1997 laudibus
252 1944 281 1996 et
293 1938 363 1994 miro
375 1944 420 1996 est
432 1933 558 1996 mortalis
569 1937 642 1994 inter
652 1934 770 1996 bonore.

153 2020 236 2079 Nunc
247 2020 297 2078 tibi
309 2036 366 2097 quo
381 2029 466 2096 pacto
478 2017 546 2078 ferri
558 2028 655 2080 natura
665 2029 780 2097 reperta

56 2114 96 2167 ato
111 2107 147 2166 sit
159 2102 271 2164 facilest
283 2104 337 2179 ipsi
350 2121 402 2181 per
411 2111 442 2163 te
457 2120 654 2181 cognoscere,
669 2103 791 2163 Memmi.

112 2204 187 2248 arma
198 2187 312 2263 antiqua
324 2203 421 2245 manus
432 2205 543 2264 ungues
555 2186 713 2265 dentesque
726 2187 855 2264 fuerunt,

112 2281 141 2331 et
154 2269 264 2348 lapides
275 2279 304 2329 et
316 2271 384 2328 item
396 2268 528 2329 silvarum
541 2270 677 2348 fragmina
692 2274 776 2347 rami,

113 2364 142 2413 et
157 2353 264 2413 flamma
275 2361 359 2430 atque
370 2355 470 2431 ignes,
482 2364 632 2433 postquam
644 2364 708 2413 sunt
720 2355 832 2431 cognita
845 2354 972 2434 primum

113 2438 257 2515 posterius
272 2435 338 2496 ferri
350 2438 394 2498 vis
406 2447 450 2496 est
462 2439 594 2514 aerisque
608 2446 731 2514 reperta.

55 2530 97 2585 bic
116 2530 146 2581 et
158 2523 234 2598 prior
248 2521 322 2578 aeris
336 2530 397 2580 erat
412 2538 494 2598 quam
506 2520 574 2581 ferri
587 2523 718 2599 cognitus
733 2538 819 2598 usus,

114 2622 170 2682 quc
185 2602 277 2664 facilis
288 2605 378 2680 magis
391 2614 436 2663 est
449 2613 546 2665 natura
558 2614 587 2664 et
600 2606 683 2683 copia
698 2607 794 2664 maior.

111 2705 178 2747 aere
191 2685 283 2746 solnm
297 2696 390 2747 terrae
400 2688 571 2765 tractabant,
584 2706 709 2765 aereque
724 2687 792 2748 belli

112 2769 271 2832 miscebant
287 2768 389 2831 ductus
401 2779 430 2832 et
441 2769 558 2832 vulnera
569 2782 648 2832 vasta
659 2773 792 2833 serebant

113 2864 144 2914 et
153 2872 245 2933 pecus
256 2863 340 2930 atque
352 2871 437 2931 agros
452 2853 624 2915 adimebant:
636 2873 699 2915 nam
713 2855 798 2916 facile
811 2855 876 2917 ollis

54 2945 99 3000 too
114 2940 206 2997 omnia
219 2935 358 2997 cedebant
369 2939 482 2999 armatis
492 2938 565 2997 nuda
579 2947 609 2997 et
621 2940 735 2998 inerma.

111 3020 178 3082 inde
189 3021 343 3079 minutatim
355 3024 499 3096 processit
510 3020 621 3082 ferreus
634 3024 727 3096 ensis,

112 3121 254 3181 versaque
269 3105 297 3165 in
310 3104 492 3182 obprobrium
504 3106 621 3183 species
633 3112 677 3164 est
689 3101 770 3163 salcis
782 3105 907 3182 aberae,

113 3198 143 3248 et
156 3188 234 3248 ferro
247 3204 374 3264 coepere
389 3187 480 3249 solum
492 3188 678 3266 proscindere
690 3197 784 3247 terrae

113 3279 327 3348 exaequataque
340 3280 404 3330 sunt
417 3273 529 3348 creperi
541 3273 691 3331 certamina
702 3270 780 3330 belli.

53 3363 95 3416 tos
113 3364 144 3416 et
157 3356 235 3434 prius
248 3363 293 3414 est
305 3363 440 3414 amatum
450 3356 478 3413 in
491 3356 556 3433 equi
569 3354 766 3415 conscendere
778 3362 874 3416 costas

115 3448 145 3499 et
156 3437 329 3499 moderarier
342 3436 416 3497 bunc
431 3438 519 3499 irenis
530 3438 686 3516 dextraque
698 3440 797 3516 vigere
