2288 3886
557 216 598 275 Vl

157 382 248 460 quin,
261 382 339 460 prius
350 381 379 441 iu
392 399 477 442 cursu
489 383 513 441 si
524 399 581 442 uon
591 383 756 444 accenditur
769 385 845 463 igni,

156 474 188 525 at
199 463 344 544 tepefacta
354 474 448 524 tamen
458 466 552 525 veniat
564 468 712 527 commixta
723 467 828 530 calore.

202 546 346 608 Mobilitas
361 558 453 608 autem
466 548 495 608 lit
510 547 633 608 fulminis
645 559 674 609 et
685 553 779 627 gravis
790 553 882 630 ictus,

159 641 191 692 et
203 630 293 692 celeri
303 631 393 692 ferme
405 641 572 711 percurrunt
585 631 699 693 fulmina
710 632 808 713 lapsu,

80 725 143 779 325
160 715 284 775 nubibus
296 716 359 794 ipsa
371 715 447 793 quod
459 717 571 776 omniuo
584 717 662 794 prius
672 718 757 777 incita
768 737 800 778 se
814 721 857 779 vis

149 797 273 875 ¹colligit
283 806 312 859 et
323 815 453 876 maguum
466 816 602 859 conamen
613 801 696 863 sumit
709 800 808 878 eundi,

159 880 226 942 iude
237 882 285 943 ubi
295 900 352 941 noo
364 883 456 961 potuit
466 883 558 944 nubes
570 901 674 962 capere
685 885 790 964 inpetis
801 895 930 966 auctum,

160 966 325 1044 exprimitur
334 967 378 1024 vis
389 975 474 1043 atque
485 966 551 1026 ideo
562 965 640 1027 volat
654 968 760 1046 impete
771 970 858 1047 miro,

159 1059 189 1109 ut
199 1047 299 1110 validis
311 1066 383 1127 quae
397 1048 433 1109 de
444 1050 591 1108 tormentis
601 1052 687 1110 missa
698 1051 833 1111 feruutur.

41 1126 48 1139 “
84 1143 146 1197 330
158 1131 231 1192 adde
243 1131 347 1210 quode
359 1134 453 1210 parvis
465 1142 494 1192 et
505 1133 616 1192 levibus
629 1142 673 1193 est
685 1134 851 1213 elementis,

158 1233 214 1276 neo
225 1215 337 1276 facilest
350 1215 398 1274 tali
409 1225 524 1276 naturae
537 1218 679 1295 opsistere
692 1220 855 1296 quicquam:

158 1302 233 1359 inter
244 1299 318 1358 enim
329 1298 401 1376 fugit
416 1317 450 1358 ac
461 1309 591 1378 penetrat
603 1319 728 1378 perrara
739 1304 862 1380 viarum,

158 1400 215 1442 non
227 1383 312 1459 igitur
322 1382 416 1443 multis
428 1382 584 1444 offensibus
595 1385 623 1442 in
633 1385 800 1445 remorando

157 1465 294 1543 haesitat,
307 1465 379 1526 hanc
392 1467 429 1526 ob
439 1484 500 1525 rem
513 1466 602 1527 celeri
612 1467 690 1528 volat
700 1469 805 1546 impete
818 1468 936 1549 labeus,

86 1558 145 1612 535
157 1548 277 1628 deinde,
290 1550 366 1628 quod
379 1551 491 1609 omuino
503 1559 599 1610 natura
610 1551 737 1631 pondera
748 1552 881 1614 deorsum

50 1653 54 1657 ·
158 1634 250 1693 omnia
260 1633 401 1710 nituntur,
419 1652 481 1692 oum
492 1633 604 1712 plagast
614 1635 707 1696 addita
720 1654 808 1714 vero,

156 1714 298 1776 mobilitas
310 1715 468 1796 duplicatur
480 1726 508 1776 ot
519 1720 640 1795 impetus
651 1719 702 1778 ille
713 1723 873 1797 gravescit,

157 1809 188 1859 ut
198 1801 356 1861 vementius
369 1808 397 1859 et
410 1802 492 1860 citius
504 1818 699 1878 quaecumque
711 1812 853 1861 morantur

158 1882 243 1943 obvia
255 1882 385 1943 discutiat
396 1883 489 1962 plagis
501 1885 640 1960 itinerque
653 1893 795 1961 sequatur.

89 1974 146 2030 ³40
157 1966 280 2045 denique
293 1965 368 2044 quod
379 1965 467 2043 longo
477 1967 554 2025 venit
568 1967 691 2044 impete,
705 1984 817 2026 sumere
832 1966 918 2028 debet

156 2048 342 2110 mobilitatem
354 2051 438 2111 etiam
448 2059 533 2126 atque
548 2051 648 2127 etiam,
661 2068 733 2128 quae
746 2052 852 2111 crescit
863 2051 956 2112 eundo

157 2132 304 2193 et-validas
319 2143 405 2210 auget
416 2134 484 2194 viris
496 2143 525 2193 et
538 2135 653 2194 roborat
664 2137 766 2195 ictum:

156 2234 219 2276 uam
234 2216 302 2276 facit
313 2226 343 2276 ut
355 2235 427 2294 quae
443 2218 498 2276 sint
510 2216 584 2277 illius
597 2221 704 2278 semina
716 2236 836 2296 cumque

158 2318 175 2360 e
186 2301 306 2376 regione
317 2298 412 2359 locum
425 2302 503 2378 quasi
516 2303 544 2358 in
559 2319 643 2359 unum
656 2309 757 2361 cuncta
768 2301 910 2378 ferantur,

88 2392 144 2447 345
157 2385 248 2443 omnia
261 2384 406 2443 coniciens
418 2385 446 2441 in
457 2402 522 2443 eum
533 2383 677 2443 volventia
689 2401 810 2442 cursum.

157 2466 275 2526 forsitan
286 2484 323 2526 ex
333 2467 397 2545 ipso
408 2467 527 2547 veniens
539 2466 628 2527 trahat
640 2473 708 2525 abre
721 2465 856 2544 quaedam

158 2566 296 2628 corpora,
313 2567 386 2628 quae
397 2549 489 2628 plagis
501 2549 652 2610 incendunt
663 2549 855 2609 mobilitatem.

156 2632 362 2711 incolumisque
373 2628 451 2693 venit
464 2651 517 2711 per
526 2651 574 2693 res
586 2643 670 2713 atque
683 2636 792 2711 integra
803 2634 902 2694 transit

157 2714 259 2794 multa,
272 2715 452 2777 foraminibus
464 2715 586 2796 liquidus
600 2721 663 2797 quia
674 2715 828 2778 transvolat
841 2719 923 2796 ignis.

91 2809 146 2863 350
155 2798 298 2878 multaque
311 2801 440 2877 pertigit,
455 2819 517 2859 cum
531 2819 650 2880 corpora
662 2802 784 2862 fulminis
797 2804 858 2879 ipsa

158 2883 325 2960 corporibus
336 2901 429 2943 rerum
439 2884 613 2960 inciderunt,
628 2903 682 2964 qua
692 2894 769 2945 texta
780 2895 919 2947 tenentur.

157 2965 289 3026 dissoluit
299 2984 386 3044 porro
398 2965 482 3026 facile
494 2986 544 3028 aes
556 2985 709 3045 aurumque
721 2976 842 3044 repente

157 3049 378 3128 confervelaoit‚
392 3052 515 3128 eparvis
526 3053 590 3130 quia
601 3049 675 3109 facta
685 3052 790 3109 minute

159 3134 326 3212 corporibus
337 3136 380 3193 vis
393 3143 438 3193 est
451 3144 479 3194 et
490 3133 601 3194 levibus
613 3131 826 3211 exclamantis,

90 3225 143 3279 555
160 3233 233 3294 quae
245 3216 329 3277 facile
339 3219 512 3277 insinuantur
523 3227 552 3277 et
563 3219 699 3277 insinuata
713 3227 833 3297 repente

158 3299 317 3361 dissoluont
327 3299 418 3360 nodos
434 3303 522 3360 omnis
535 3309 564 3361 et
572 3299 665 3360 vincla
676 3301 811 3362 relaxant.

156 3392 344 3462 autumnoque
356 3386 445 3460 magis
458 3383 550 3445 stellis
565 3384 740 3462 fulgentibus
755 3394 819 3464 apta

158 3469 318 3528 concutitur
331 3467 404 3528 caeli
416 3466 515 3529 domus
527 3468 651 3547 undique
666 3478 781 3547 totaque
792 3468 895 3546 tellus,
