<?xml version="1.0" encoding="UTF-8"?>
<!DOCTYPE html PUBLIC "-//W3C//DTD XHTML 1.0 Transitional//EN"
    "http://www.w3.org/TR/xhtml1/DTD/xhtml1-transitional.dtd">
<html xmlns="http://www.w3.org/1999/xhtml" xml:lang="en" lang="en">
 <head>
  <title>
</title>
<meta http-equiv="Content-Type" content="text/html;charset=utf-8" />
  <meta name='ocr-system' content='tesseract 3.04.00' />
  <meta name='ocr-capabilities' content='ocr_page ocr_carea ocr_par ocr_line ocrx_word'/>
</head>
<body>
  <div class='ocr_page' id='page_1' title='image "./tlucreticarider07carugoog_0217.png"; bbox 0 0 2288 3886; ppageno 0'>
   <div class='ocr_carea' id='block_1_1' title="bbox 517 245 597 320">
    <p class='ocr_par' dir='ltr' id='par_1_1' title="bbox 517 245 597 320">
     <span class='ocr_line' id='line_1_1' title="bbox 517 245 597 320; baseline 0 -16"><span class='ocrx_word' id='word_1_1' title='bbox 517 311 521 320; x_wconf 28' lang='lat'><strong><em>⁴</em></strong></span> <span class='ocrx_word' id='word_1_2' title='bbox 559 245 597 304; x_wconf 88' lang='lat' dir='ltr'>Vl</span> 
     </span>
    </p>
   </div>
   <div class='ocr_carea' id='block_1_2' title="bbox 80 409 982 3590">
    <p class='ocr_par' dir='ltr' id='par_1_2' title="bbox 168 409 901 573">
     <span class='ocr_line' id='line_1_2' title="bbox 168 409 901 490; baseline 0.004 -22"><span class='ocrx_word' id='word_1_3' title='bbox 168 409 357 469; x_wconf 82' lang='lat' dir='ltr'>aerumnabile</span> <span class='ocrx_word' id='word_1_4' title='bbox 370 420 446 487; x_wconf 84' lang='lat' dir='ltr'>erat,</span> <span class='ocrx_word' id='word_1_5' title='bbox 458 411 534 489; x_wconf 92' lang='lat' dir='ltr'>quod</span> <span class='ocrx_word' id='word_1_6' title='bbox 545 412 592 470; x_wconf 93' lang='lat' dir='ltr'>ubi</span> <span class='ocrx_word' id='word_1_7' title='bbox 606 430 638 472; x_wconf 88' lang='lat' dir='ltr'>se</span> <span class='ocrx_word' id='word_1_8' title='bbox 654 414 774 490; x_wconf 91' lang='lat' dir='ltr'>quisque</span> <span class='ocrx_word' id='word_1_9' title='bbox 787 413 901 472; x_wconf 89' lang='lat' dir='ltr'>videbat</span> 
     </span>
     <span class='ocr_line' id='line_1_3' title="bbox 168 494 858 573; baseline 0.01 -23"><span class='ocrx_word' id='word_1_10' title='bbox 168 494 332 572; x_wconf 89' lang='lat' dir='ltr'>implicitum</span> <span class='ocrx_word' id='word_1_11' title='bbox 342 495 458 571; x_wconf 84' lang='lat' dir='ltr'>morbo,</span> <span class='ocrx_word' id='word_1_12' title='bbox 469 498 552 554; x_wconf 90' lang='lat' dir='ltr'>morti</span> <span class='ocrx_word' id='word_1_13' title='bbox 564 495 706 556; x_wconf 89' lang='lat' dir='ltr'>damnatus</span> <span class='ocrx_word' id='word_1_14' title='bbox 722 505 750 555; x_wconf 89' lang='lat' dir='ltr'>ut</span> <span class='ocrx_word' id='word_1_15' title='bbox 762 507 858 573; x_wconf 88' lang='lat' dir='ltr'>esset,</span> 
     </span>
    </p>

    <p class='ocr_par' dir='ltr' id='par_1_3' title="bbox 86 578 890 992">
     <span class='ocr_line' id='line_1_4' title="bbox 86 578 840 657; baseline 0.001 -18"><span class='ocrx_word' id='word_1_16' title='bbox 86 586 152 639; x_wconf 76' lang='lat'><strong>1230</strong></span> <span class='ocrx_word' id='word_1_17' title='bbox 169 578 304 638; x_wconf 84' lang='lat' dir='ltr'>delicians</span> <span class='ocrx_word' id='word_1_18' title='bbox 316 581 406 638; x_wconf 89' lang='lat' dir='ltr'>animo</span> <span class='ocrx_word' id='word_1_19' title='bbox 418 588 527 638; x_wconf 89' lang='lat' dir='ltr'>maesto</span> <span class='ocrx_word' id='word_1_20' title='bbox 539 597 602 639; x_wconf 87' lang='lat' dir='ltr'>cunr</span> <span class='ocrx_word' id='word_1_21' title='bbox 615 579 700 638; x_wconf 91' lang='lat' dir='ltr'>corde</span> <span class='ocrx_word' id='word_1_22' title='bbox 712 580 840 657; x_wconf 86' lang='lat' dir='ltr'>iacebat,</span> 
     </span>
     <span class='ocr_line' id='line_1_5' title="bbox 169 661 850 740; baseline 0.006 -22"><span class='ocrx_word' id='word_1_23' title='bbox 169 661 266 719; x_wconf 81' lang='lat' dir='ltr'>lunera</span> <span class='ocrx_word' id='word_1_24' title='bbox 280 671 446 740; x_wconf 82' lang='lat' dir='ltr'>respectans</span> <span class='ocrx_word' id='word_1_25' title='bbox 458 664 574 723; x_wconf 90' lang='lat' dir='ltr'>animaru</span> <span class='ocrx_word' id='word_1_26' title='bbox 586 664 729 723; x_wconf 88' lang='lat' dir='ltr'>amittebat</span> <span class='ocrx_word' id='word_1_27' title='bbox 738 662 850 722; x_wconf 86' lang='lat' dir='ltr'>ibidem.</span> 
     </span>
     <span class='ocr_line' id='line_1_6' title="bbox 169 745 890 825; baseline 0.003 -22"><span class='ocrx_word' id='word_1_28' title='bbox 169 748 275 823; x_wconf 86' lang='lat' dir='ltr'>quippe</span> <span class='ocrx_word' id='word_1_29' title='bbox 292 748 395 805; x_wconf 84' lang='lat' dir='ltr'>etenim</span> <span class='ocrx_word' id='word_1_30' title='bbox 408 746 486 805; x_wconf 93' lang='lat' dir='ltr'>nullo</span> <span class='ocrx_word' id='word_1_31' title='bbox 499 745 649 807; x_wconf 79' lang='lat' dir='ltr'>cessabant</span> <span class='ocrx_word' id='word_1_32' title='bbox 661 755 790 825; x_wconf 88' lang='lat' dir='ltr'>ternpore</span> <span class='ocrx_word' id='word_1_33' title='bbox 801 749 890 825; x_wconf 91' lang='lat' dir='ltr'>apisci</span> 
     </span>
     <span class='ocr_line' id='line_1_7' title="bbox 167 828 704 908; baseline 0.004 -22"><span class='ocrx_word' id='word_1_34' title='bbox 167 847 203 887; x_wconf 88' lang='lat' dir='ltr'>ex</span> <span class='ocrx_word' id='word_1_35' title='bbox 215 828 276 888; x_wconf 90' lang='lat' dir='ltr'>aliis</span> <span class='ocrx_word' id='word_1_36' title='bbox 288 829 358 889; x_wconf 89' lang='lat' dir='ltr'>alios</span> <span class='ocrx_word' id='word_1_37' title='bbox 371 830 444 890; x_wconf 88' lang='lat' dir='ltr'>avidi</span> <span class='ocrx_word' id='word_1_38' title='bbox 456 833 587 908; x_wconf 82' lang='lat' dir='ltr'>contagia</span> <span class='ocrx_word' id='word_1_39' title='bbox 598 830 704 906; x_wconf 84' lang='lat' dir='ltr'>morbi,</span> 
     </span>
     <span class='ocr_line' id='line_1_8' title="bbox 167 912 869 992; baseline 0.004 -24"><span class='ocrx_word' id='word_1_40' title='bbox 167 912 308 989; x_wconf 84' lang='lat' dir='ltr'>lanigeras</span> <span class='ocrx_word' id='word_1_41' title='bbox 319 923 458 991; x_wconf 91' lang='lat' dir='ltr'>tamquam</span> <span class='ocrx_word' id='word_1_42' title='bbox 469 914 597 992; x_wconf 89' lang='lat' dir='ltr'>pecudes</span> <span class='ocrx_word' id='word_1_43' title='bbox 610 923 638 973; x_wconf 90' lang='lat' dir='ltr'>et</span> <span class='ocrx_word' id='word_1_44' title='bbox 650 915 755 973; x_wconf 89' lang='lat' dir='ltr'>bucera</span> <span class='ocrx_word' id='word_1_45' title='bbox 766 914 869 974; x_wconf 89' lang='lat' dir='ltr'>saecla.</span> 
     </span>
    </p>

    <p class='ocr_par' dir='ltr' id='par_1_4' title="bbox 84 995 945 1409">
     <span class='ocr_line' id='line_1_9' title="bbox 84 995 837 1075; baseline -0.001 -18"><span class='ocrx_word' id='word_1_46' title='bbox 84 1006 150 1057; x_wconf 77' lang='lat'>1235</span> <span class='ocrx_word' id='word_1_47' title='bbox 166 995 250 1073; x_wconf 87' lang='lat' dir='ltr'>idque</span> <span class='ocrx_word' id='word_1_48' title='bbox 262 996 309 1054; x_wconf 93' lang='lat' dir='ltr'>vel</span> <span class='ocrx_word' id='word_1_49' title='bbox 320 999 347 1054; x_wconf 93' lang='lat' dir='ltr'>in</span> <span class='ocrx_word' id='word_1_50' title='bbox 358 1000 453 1075; x_wconf 91' lang='lat' dir='ltr'>primis</span> <span class='ocrx_word' id='word_1_51' title='bbox 466 997 622 1057; x_wconf 74' lang='lat' dir='ltr'>cumulabat</span> <span class='ocrx_word' id='word_1_52' title='bbox 634 998 733 1056; x_wconf 81' lang='lat' dir='ltr'>funere</span> <span class='ocrx_word' id='word_1_53' title='bbox 745 997 837 1058; x_wconf 88' lang='lat' dir='ltr'>lunus.</span> 
     </span>
     <span class='ocr_line' id='line_1_10' title="bbox 165 1081 945 1160; baseline 0.005 -23"><span class='ocrx_word' id='word_1_54' title='bbox 165 1098 226 1137; x_wconf 91' lang='lat' dir='ltr'>narn</span> <span class='ocrx_word' id='word_1_55' title='bbox 241 1082 409 1157; x_wconf 84' lang='lat' dir='ltr'>quicumque</span> <span class='ocrx_word' id='word_1_56' title='bbox 426 1098 493 1140; x_wconf 88' lang='lat' dir='ltr'>suos</span> <span class='ocrx_word' id='word_1_57' title='bbox 506 1081 661 1159; x_wconf 79' lang='lat' dir='ltr'>fugitabant</span> <span class='ocrx_word' id='word_1_58' title='bbox 672 1083 767 1141; x_wconf 87' lang='lat' dir='ltr'>visere</span> <span class='ocrx_word' id='word_1_59' title='bbox 779 1082 813 1140; x_wconf 93' lang='lat' dir='ltr'>ad</span> <span class='ocrx_word' id='word_1_60' title='bbox 824 1100 945 1160; x_wconf 80' lang='lat' dir='ltr'>aegros,</span> 
     </span>
     <span class='ocr_line' id='line_1_11' title="bbox 166 1165 785 1242; baseline 0.006 -22"><span class='ocrx_word' id='word_1_61' title='bbox 166 1165 231 1221; x_wconf 90' lang='lat' dir='ltr'>vitai</span> <span class='ocrx_word' id='word_1_62' title='bbox 243 1165 353 1221; x_wconf 90' lang='lat' dir='ltr'>nimium</span> <span class='ocrx_word' id='word_1_63' title='bbox 367 1165 485 1242; x_wconf 93' lang='lat' dir='ltr'>cupidos</span> <span class='ocrx_word' id='word_1_64' title='bbox 497 1167 651 1242; x_wconf 92' lang='lat' dir='ltr'>mortisque</span> <span class='ocrx_word' id='word_1_65' title='bbox 662 1166 785 1224; x_wconf 90' lang='lat' dir='ltr'>timentis</span> 
     </span>
     <span class='ocr_line' id='line_1_12' title="bbox 166 1246 823 1327; baseline 0.005 -22"><span class='ocrx_word' id='word_1_66' title='bbox 166 1247 299 1325; x_wconf 90' lang='lat' dir='ltr'>poenibat</span> <span class='ocrx_word' id='word_1_67' title='bbox 314 1246 399 1325; x_wconf 91' lang='lat' dir='ltr'>paulo</span> <span class='ocrx_word' id='word_1_68' title='bbox 414 1259 480 1326; x_wconf 94' lang='lat' dir='ltr'>post</span> <span class='ocrx_word' id='word_1_69' title='bbox 492 1250 566 1327; x_wconf 89' lang='lat' dir='ltr'>turpi</span> <span class='ocrx_word' id='word_1_70' title='bbox 577 1258 669 1308; x_wconf 90' lang='lat' dir='ltr'>morte</span> <span class='ocrx_word' id='word_1_71' title='bbox 681 1247 823 1326; x_wconf 85' lang='lat' dir='ltr'>malaque,</span> 
     </span>
     <span class='ocr_line' id='line_1_13' title="bbox 165 1331 809 1409; baseline 0 -20"><span class='ocrx_word' id='word_1_72' title='bbox 165 1331 313 1406; x_wconf 82' lang='lat' dir='ltr'>desertos,</span> <span class='ocrx_word' id='word_1_73' title='bbox 327 1333 390 1407; x_wconf 94' lang='lat' dir='ltr'>opis</span> <span class='ocrx_word' id='word_1_74' title='bbox 403 1334 547 1409; x_wconf 82' lang='lat' dir='ltr'>expertis,</span> <span class='ocrx_word' id='word_1_75' title='bbox 560 1334 664 1391; x_wconf 89' lang='lat' dir='ltr'>incuria</span> <span class='ocrx_word' id='word_1_76' title='bbox 676 1340 809 1392; x_wconf 88' lang='lat' dir='ltr'>mactans.</span> 
     </span>
    </p>

    <p class='ocr_par' dir='ltr' id='par_1_5' title="bbox 85 1415 890 1825">
     <span class='ocr_line' id='line_1_14' title="bbox 85 1415 850 1493; baseline 0.001 -18"><span class='ocrx_word' id='word_1_77' title='bbox 85 1423 150 1475; x_wconf 78' lang='grc'>1140</span> <span class='ocrx_word' id='word_1_78' title='bbox 163 1417 210 1492; x_wconf 91' lang='lat' dir='ltr'>qui</span> <span class='ocrx_word' id='word_1_79' title='bbox 223 1415 333 1474; x_wconf 83' lang='lat' dir='ltr'>luerunt</span> <span class='ocrx_word' id='word_1_80' title='bbox 343 1426 435 1474; x_wconf 88' lang='lat' dir='ltr'>autern</span> <span class='ocrx_word' id='word_1_81' title='bbox 446 1426 578 1493; x_wconf 82' lang='lat' dir='ltr'>praesto,</span> <span class='ocrx_word' id='word_1_82' title='bbox 594 1416 762 1492; x_wconf 77' lang='lat' dir='ltr'>contagibus</span> <span class='ocrx_word' id='word_1_83' title='bbox 774 1416 850 1476; x_wconf 91' lang='lat' dir='ltr'>ibant</span> 
     </span>
     <span class='ocr_line' id='line_1_15' title="bbox 165 1497 875 1578; baseline 0.003 -20"><span class='ocrx_word' id='word_1_84' title='bbox 165 1508 249 1575; x_wconf 89' lang='lat' dir='ltr'>atque</span> <span class='ocrx_word' id='word_1_85' title='bbox 264 1497 381 1576; x_wconf 83' lang='lat' dir='ltr'>labore,</span> <span class='ocrx_word' id='word_1_86' title='bbox 394 1500 485 1575; x_wconf 94' lang='lat' dir='ltr'>pudor</span> <span class='ocrx_word' id='word_1_87' title='bbox 497 1519 580 1578; x_wconf 90' lang='lat' dir='ltr'>quem</span> <span class='ocrx_word' id='word_1_88' title='bbox 591 1509 649 1559; x_wconf 91' lang='lat' dir='ltr'>tum</span> <span class='ocrx_word' id='word_1_89' title='bbox 660 1499 783 1578; x_wconf 81' lang='lat' dir='ltr'>cogebat</span> <span class='ocrx_word' id='word_1_90' title='bbox 795 1500 875 1560; x_wconf 88' lang='lat' dir='ltr'>obire</span> 
     </span>
     <span class='ocr_line' id='line_1_16' title="bbox 164 1581 890 1662; baseline 0.004 -23"><span class='ocrx_word' id='word_1_91' title='bbox 164 1581 320 1660; x_wconf 90' lang='lat' dir='ltr'>blandaque</span> <span class='ocrx_word' id='word_1_92' title='bbox 333 1583 472 1642; x_wconf 91' lang='lat' dir='ltr'>lassorum</span> <span class='ocrx_word' id='word_1_93' title='bbox 484 1602 543 1643; x_wconf 86' lang='lat' dir='ltr'>vox</span> <span class='ocrx_word' id='word_1_94' title='bbox 555 1585 641 1644; x_wconf 83' lang='lat' dir='ltr'>mixta</span> <span class='ocrx_word' id='word_1_95' title='bbox 652 1601 726 1644; x_wconf 90' lang='lat' dir='ltr'>voce</span> <span class='ocrx_word' id='word_1_96' title='bbox 736 1584 890 1662; x_wconf 87' lang='lat' dir='ltr'>querellae.</span> 
     </span>
     <span class='ocr_line' id='line_1_17' title="bbox 165 1666 866 1746; baseline 0.013 -25"><span class='ocrx_word' id='word_1_97' title='bbox 165 1668 285 1741; x_wconf 89' lang='lat' dir='ltr'>optimus</span> <span class='ocrx_word' id='word_1_98' title='bbox 301 1666 356 1725; x_wconf 91' lang='lat' dir='ltr'>hoc</span> <span class='ocrx_word' id='word_1_99' title='bbox 368 1667 417 1726; x_wconf 90' lang='lat' dir='ltr'>leti</span> <span class='ocrx_word' id='word_1_100' title='bbox 428 1686 519 1744; x_wconf 79' lang='lat' dir='ltr'>genus</span> <span class='ocrx_word' id='word_1_101' title='bbox 531 1685 602 1745; x_wconf 83' lang='lat' dir='ltr'>ergo</span> <span class='ocrx_word' id='word_1_102' title='bbox 615 1669 734 1746; x_wconf 87' lang='lat' dir='ltr'>quisque</span> <span class='ocrx_word' id='word_1_103' title='bbox 747 1667 866 1730; x_wconf 88' lang='lat' dir='ltr'>subibat.</span> 
     </span>
     <span class='ocr_line' id='line_1_18' title="bbox 164 1751 780 1825; baseline 0.005 -19"><span class='ocrx_word' id='word_1_104' title='bbox 164 1751 323 1807; x_wconf 89' lang='lat' dir='ltr'>incomitata</span> <span class='ocrx_word' id='word_1_105' title='bbox 334 1752 393 1824; x_wconf 90' lang='lat' dir='ltr'>rapi</span> <span class='ocrx_word' id='word_1_106' title='bbox 407 1752 561 1811; x_wconf 90' lang='lat' dir='ltr'>cernebant</span> <span class='ocrx_word' id='word_1_107' title='bbox 573 1751 671 1810; x_wconf 88' lang='lat' dir='ltr'>lunera</span> <span class='ocrx_word' id='word_1_108' title='bbox 683 1760 780 1825; x_wconf 78' lang='lat' dir='ltr'>vasta,</span> 
     </span>
    </p>

    <p class='ocr_par' dir='ltr' id='par_1_6' title="bbox 83 1831 982 2246">
     <span class='ocr_line' id='line_1_19' title="bbox 83 1831 833 1911; baseline -0.005 -17"><span class='ocrx_word' id='word_1_109' title='bbox 83 1843 148 1894; x_wconf 80' lang='lat'>1245</span> <span class='ocrx_word' id='word_1_110' title='bbox 165 1835 249 1909; x_wconf 91' lang='lat' dir='ltr'>inque</span> <span class='ocrx_word' id='word_1_111' title='bbox 263 1831 324 1891; x_wconf 86' lang='lat' dir='ltr'>aliis</span> <span class='ocrx_word' id='word_1_112' title='bbox 335 1831 420 1891; x_wconf 91' lang='lat' dir='ltr'>alium</span> <span class='ocrx_word' id='word_1_113' title='bbox 431 1833 566 1911; x_wconf 91' lang='lat' dir='ltr'>populum</span> <span class='ocrx_word' id='word_1_114' title='bbox 579 1833 705 1908; x_wconf 88' lang='lat' dir='ltr'>sepelire</span> <span class='ocrx_word' id='word_1_115' title='bbox 720 1850 833 1892; x_wconf 90' lang='lat' dir='ltr'>suorum</span> 
     </span>
     <span class='ocr_line' id='line_1_20' title="bbox 166 1914 841 1995; baseline 0.001 -20"><span class='ocrx_word' id='word_1_116' title='bbox 166 1925 323 1975; x_wconf 87' lang='lat' dir='ltr'>certantes:</span> <span class='ocrx_word' id='word_1_117' title='bbox 335 1914 458 1977; x_wconf 87' lang='lat' dir='ltr'>lacrimis</span> <span class='ocrx_word' id='word_1_118' title='bbox 470 1916 539 1978; x_wconf 89' lang='lat' dir='ltr'>lassi</span> <span class='ocrx_word' id='word_1_119' title='bbox 551 1917 687 1995; x_wconf 92' lang='lat' dir='ltr'>luctuque</span> <span class='ocrx_word' id='word_1_120' title='bbox 699 1916 841 1976; x_wconf 89' lang='lat' dir='ltr'>redibant:</span> 
     </span>
     <span class='ocr_line' id='line_1_21' title="bbox 165 1998 913 2079; baseline 0.001 -22"><span class='ocrx_word' id='word_1_121' title='bbox 165 2000 228 2058; x_wconf 89' lang='lat' dir='ltr'>inde</span> <span class='ocrx_word' id='word_1_122' title='bbox 242 2001 341 2059; x_wconf 90' lang='lat' dir='ltr'>bonam</span> <span class='ocrx_word' id='word_1_123' title='bbox 353 2003 499 2079; x_wconf 91' lang='lat' dir='ltr'>partemin</span> <span class='ocrx_word' id='word_1_124' title='bbox 514 1998 619 2060; x_wconf 89' lang='lat' dir='ltr'>lectum</span> <span class='ocrx_word' id='word_1_125' title='bbox 630 2018 759 2060; x_wconf 91' lang='lat' dir='ltr'>maerore</span> <span class='ocrx_word' id='word_1_126' title='bbox 771 2000 913 2060; x_wconf 86' lang='lat' dir='ltr'>dabantur.</span> 
     </span>
     <span class='ocr_line' id='line_1_22' title="bbox 162 2084 982 2163; baseline 0.001 -22"><span class='ocrx_word' id='word_1_127' title='bbox 162 2102 217 2143; x_wconf 89' lang='lat' dir='ltr'>nec</span> <span class='ocrx_word' id='word_1_128' title='bbox 232 2094 344 2159; x_wconf 89' lang='lat' dir='ltr'>poterat</span> <span class='ocrx_word' id='word_1_129' title='bbox 356 2086 502 2163; x_wconf 89' lang='lat' dir='ltr'>quisquam</span> <span class='ocrx_word' id='word_1_130' title='bbox 512 2085 648 2162; x_wconf 87' lang='lat' dir='ltr'>reperiri,</span> <span class='ocrx_word' id='word_1_131' title='bbox 663 2101 746 2162; x_wconf 88' lang='lat' dir='ltr'>quern</span> <span class='ocrx_word' id='word_1_132' title='bbox 762 2102 855 2160; x_wconf 87' lang='lat' dir='ltr'>neque</span> <span class='ocrx_word' id='word_1_133' title='bbox 867 2084 982 2144; x_wconf 88' lang='lat' dir='ltr'>morbus</span> 
     </span>
     <span class='ocr_line' id='line_1_23' title="bbox 162 2167 867 2246; baseline 0.003 -22"><span class='ocrx_word' id='word_1_134' title='bbox 162 2186 217 2226; x_wconf 90' lang='lat' dir='ltr'>nec</span> <span class='ocrx_word' id='word_1_135' title='bbox 228 2184 303 2225; x_wconf 88' lang='lat' dir='ltr'>mors</span> <span class='ocrx_word' id='word_1_136' title='bbox 315 2187 370 2226; x_wconf 91' lang='lat' dir='ltr'>nec</span> <span class='ocrx_word' id='word_1_137' title='bbox 383 2167 476 2228; x_wconf 90' lang='lat' dir='ltr'>luctus</span> <span class='ocrx_word' id='word_1_138' title='bbox 488 2177 637 2246; x_wconf 88' lang='lat' dir='ltr'>temptaret</span> <span class='ocrx_word' id='word_1_139' title='bbox 650 2178 779 2245; x_wconf 91' lang='lat' dir='ltr'>tempore</span> <span class='ocrx_word' id='word_1_140' title='bbox 792 2167 867 2228; x_wconf 91' lang='lat' dir='ltr'>talei.</span> 
     </span>
    </p>

    <p class='ocr_par' dir='ltr' id='par_1_7' title="bbox 82 2248 876 2664">
     <span class='ocr_line' id='line_1_24' title="bbox 82 2248 862 2327; baseline 0.005 -21"><span class='ocrx_word' id='word_1_141' title='bbox 82 2261 149 2314; x_wconf 75' lang='lat'>1250</span> <span class='ocrx_word' id='word_1_142' title='bbox 206 2248 356 2309; x_wconf 88' lang='lat' dir='ltr'>Praeterea</span> <span class='ocrx_word' id='word_1_143' title='bbox 367 2253 420 2310; x_wconf 91' lang='lat' dir='ltr'>iam</span> <span class='ocrx_word' id='word_1_144' title='bbox 433 2261 530 2327; x_wconf 91' lang='lat' dir='ltr'>pastor</span> <span class='ocrx_word' id='word_1_145' title='bbox 541 2260 569 2310; x_wconf 87' lang='lat' dir='ltr'>et</span> <span class='ocrx_word' id='word_1_146' title='bbox 580 2253 762 2310; x_wconf 89' lang='lat' dir='ltr'>armentarius</span> <span class='ocrx_word' id='word_1_147' title='bbox 774 2254 862 2310; x_wconf 88' lang='lat' dir='ltr'>omnis</span> 
     </span>
     <span class='ocr_line' id='line_1_25' title="bbox 165 2333 771 2394; baseline -0.005 0"><span class='ocrx_word' id='word_1_148' title='bbox 165 2344 193 2394; x_wconf 89' lang='lat' dir='ltr'>et</span> <span class='ocrx_word' id='word_1_149' title='bbox 202 2334 336 2394; x_wconf 88' lang='lat' dir='ltr'>robustus</span> <span class='ocrx_word' id='word_1_150' title='bbox 347 2335 415 2393; x_wconf 91' lang='lat' dir='ltr'>itern</span> <span class='ocrx_word' id='word_1_151' title='bbox 427 2335 506 2393; x_wconf 82' lang='lat' dir='ltr'>curri</span> <span class='ocrx_word' id='word_1_152' title='bbox 516 2333 677 2393; x_wconf 89' lang='lat' dir='ltr'>moderator</span> <span class='ocrx_word' id='word_1_153' title='bbox 688 2336 771 2393; x_wconf 89' lang='lat' dir='ltr'>aratri</span> 
     </span>
     <span class='ocr_line' id='line_1_26' title="bbox 163 2417 876 2497; baseline -0.003 -20"><span class='ocrx_word' id='word_1_154' title='bbox 163 2417 330 2495; x_wconf 82' lang='lat' dir='ltr'>languebat,</span> <span class='ocrx_word' id='word_1_155' title='bbox 344 2420 513 2497; x_wconf 85' lang='lat' dir='ltr'>penitusque</span> <span class='ocrx_word' id='word_1_156' title='bbox 527 2435 592 2477; x_wconf 91' lang='lat' dir='ltr'>casa</span> <span class='ocrx_word' id='word_1_157' title='bbox 605 2428 736 2477; x_wconf 86' lang='lat' dir='ltr'>contrusa</span> <span class='ocrx_word' id='word_1_158' title='bbox 747 2418 876 2477; x_wconf 89' lang='lat' dir='ltr'>iacebant</span> 
     </span>
     <span class='ocr_line' id='line_1_27' title="bbox 165 2501 824 2580; baseline -0.003 -20"><span class='ocrx_word' id='word_1_159' title='bbox 165 2518 286 2578; x_wconf 91' lang='lat' dir='ltr'>corpora</span> <span class='ocrx_word' id='word_1_160' title='bbox 297 2511 465 2580; x_wconf 89' lang='lat' dir='ltr'>paupertate</span> <span class='ocrx_word' id='word_1_161' title='bbox 480 2511 509 2560; x_wconf 89' lang='lat' dir='ltr'>et</span> <span class='ocrx_word' id='word_1_162' title='bbox 520 2501 619 2561; x_wconf 94' lang='lat' dir='ltr'>morbo</span> <span class='ocrx_word' id='word_1_163' title='bbox 631 2501 724 2561; x_wconf 90' lang='lat' dir='ltr'>dedita</span> <span class='ocrx_word' id='word_1_164' title='bbox 734 2503 824 2560; x_wconf 90' lang='lat' dir='ltr'>morti.</span> 
     </span>
     <span class='ocr_line' id='line_1_28' title="bbox 165 2587 837 2664; baseline -0.003 -20"><span class='ocrx_word' id='word_1_165' title='bbox 165 2587 299 2645; x_wconf 86' lang='lat' dir='ltr'>exanimis</span> <span class='ocrx_word' id='word_1_166' title='bbox 313 2587 410 2664; x_wconf 86' lang='lat' dir='ltr'>pueris</span> <span class='ocrx_word' id='word_1_167' title='bbox 426 2603 513 2664; x_wconf 87' lang='lat' dir='ltr'>super</span> <span class='ocrx_word' id='word_1_168' title='bbox 525 2587 679 2645; x_wconf 84' lang='lat' dir='ltr'>exanimata</span> <span class='ocrx_word' id='word_1_169' title='bbox 692 2594 837 2662; x_wconf 88' lang='lat' dir='ltr'>parentum</span> 
     </span>
    </p>

    <p class='ocr_par' dir='ltr' id='par_1_8' title="bbox 82 2668 919 3083">
     <span class='ocr_line' id='line_1_29' title="bbox 82 2668 871 2748; baseline -0.003 -18"><span class='ocrx_word' id='word_1_170' title='bbox 82 2680 146 2730; x_wconf 79' lang='grc'>1155</span> <span class='ocrx_word' id='word_1_171' title='bbox 163 2687 283 2746; x_wconf 88' lang='lat' dir='ltr'>corpora</span> <span class='ocrx_word' id='word_1_172' title='bbox 294 2686 499 2748; x_wconf 88' lang='lat' dir='ltr'>nonnumquam</span> <span class='ocrx_word' id='word_1_173' title='bbox 510 2686 615 2747; x_wconf 91' lang='lat' dir='ltr'>posses</span> <span class='ocrx_word' id='word_1_174' title='bbox 626 2680 761 2748; x_wconf 88' lang='lat' dir='ltr'>retroque</span> <span class='ocrx_word' id='word_1_175' title='bbox 773 2668 871 2728; x_wconf 88' lang='lat' dir='ltr'>videre</span> 
     </span>
     <span class='ocr_line' id='line_1_30' title="bbox 162 2753 868 2833; baseline -0.001 -22"><span class='ocrx_word' id='word_1_176' title='bbox 162 2755 295 2814; x_wconf 89' lang='lat' dir='ltr'>matribus</span> <span class='ocrx_word' id='word_1_177' title='bbox 307 2764 336 2814; x_wconf 93' lang='lat' dir='ltr'>et</span> <span class='ocrx_word' id='word_1_178' title='bbox 347 2754 474 2833; x_wconf 90' lang='lat' dir='ltr'>patribus</span> <span class='ocrx_word' id='word_1_179' title='bbox 486 2763 566 2814; x_wconf 88' lang='lat' dir='ltr'>natos</span> <span class='ocrx_word' id='word_1_180' title='bbox 578 2771 665 2831; x_wconf 90' lang='lat' dir='ltr'>super</span> <span class='ocrx_word' id='word_1_181' title='bbox 677 2753 764 2814; x_wconf 90' lang='lat' dir='ltr'>edere</span> <span class='ocrx_word' id='word_1_182' title='bbox 775 2755 868 2812; x_wconf 88' lang='lat' dir='ltr'>vitam.</span> 
     </span>
     <span class='ocr_line' id='line_1_31' title="bbox 163 2838 919 2916; baseline 0.003 -20"><span class='ocrx_word' id='word_1_183' title='bbox 163 2855 218 2897; x_wconf 92' lang='lat' dir='ltr'>nec</span> <span class='ocrx_word' id='word_1_184' title='bbox 228 2840 364 2898; x_wconf 88' lang='lat' dir='ltr'>minimam</span> <span class='ocrx_word' id='word_1_185' title='bbox 379 2848 487 2916; x_wconf 90' lang='lat' dir='ltr'>partem</span> <span class='ocrx_word' id='word_1_186' title='bbox 499 2841 622 2916; x_wconf 75' lang='lat' dir='ltr'>anagnis</span> <span class='ocrx_word' id='word_1_187' title='bbox 636 2839 772 2898; x_wconf 89' lang='lat' dir='ltr'>maeroris</span> <span class='ocrx_word' id='word_1_188' title='bbox 783 2839 810 2896; x_wconf 91' lang='lat' dir='ltr'>iu</span> <span class='ocrx_word' id='word_1_189' title='bbox 820 2838 919 2898; x_wconf 90' lang='lat' dir='ltr'>urbem</span> 
     </span>
     <span class='ocr_line' id='line_1_32' title="bbox 165 2920 833 3000; baseline -0.003 -20"><span class='ocrx_word' id='word_1_190' title='bbox 165 2920 299 2980; x_wconf 88' lang='lat' dir='ltr'>conlluxit</span> <span class='ocrx_word' id='word_1_191' title='bbox 309 2921 406 2999; x_wconf 84' lang='lat' dir='ltr'>labes,</span> <span class='ocrx_word' id='word_1_192' title='bbox 420 2941 504 3000; x_wconf 89' lang='lat' dir='ltr'>quern</span> <span class='ocrx_word' id='word_1_193' title='bbox 517 2920 635 2982; x_wconf 90' lang='lat' dir='ltr'>contulit</span> <span class='ocrx_word' id='word_1_194' title='bbox 645 2921 833 2999; x_wconf 80' lang='lat' dir='ltr'>agricolarum</span> 
     </span>
     <span class='ocr_line' id='line_1_33' title="bbox 165 3005 809 3083; baseline 0.002 -21"><span class='ocrx_word' id='word_1_195' title='bbox 165 3006 247 3081; x_wconf 93' lang='lat' dir='ltr'>copia</span> <span class='ocrx_word' id='word_1_196' title='bbox 259 3007 432 3066; x_wconf 86' lang='lat' dir='ltr'>conveniens</span> <span class='ocrx_word' id='word_1_197' title='bbox 447 3025 484 3066; x_wconf 84' lang='lat' dir='ltr'>ex</span> <span class='ocrx_word' id='word_1_198' title='bbox 499 3007 573 3066; x_wconf 91' lang='lat' dir='ltr'>omni</span> <span class='ocrx_word' id='word_1_199' title='bbox 583 3005 709 3065; x_wconf 90' lang='lat' dir='ltr'>morbida</span> <span class='ocrx_word' id='word_1_200' title='bbox 719 3015 809 3083; x_wconf 89' lang='lat' dir='ltr'>parte.</span> 
     </span>
    </p>

    <p class='ocr_par' dir='ltr' id='par_1_9' title="bbox 80 3089 935 3504">
     <span class='ocr_line' id='line_1_34' title="bbox 80 3089 935 3168; baseline -0.002 -20"><span class='ocrx_word' id='word_1_201' title='bbox 80 3098 148 3151; x_wconf 79' lang='lat'>1260</span> <span class='ocrx_word' id='word_1_202' title='bbox 164 3091 255 3148; x_wconf 88' lang='lat' dir='ltr'>omnia</span> <span class='ocrx_word' id='word_1_203' title='bbox 266 3089 437 3167; x_wconf 91' lang='lat' dir='ltr'>conplebant</span> <span class='ocrx_word' id='word_1_204' title='bbox 449 3089 513 3149; x_wconf 91' lang='lat' dir='ltr'>loca</span> <span class='ocrx_word' id='word_1_205' title='bbox 524 3099 657 3168; x_wconf 88' lang='lat' dir='ltr'>tectaque</span> <span class='ocrx_word' id='word_1_206' title='bbox 665 3111 672 3159; x_wconf 92' lang='lat'>;</span> <span class='ocrx_word' id='word_1_207' title='bbox 686 3105 741 3166; x_wconf 93' lang='lat' dir='ltr'>quo</span> <span class='ocrx_word' id='word_1_208' title='bbox 755 3091 845 3166; x_wconf 86' lang='lat' dir='ltr'>magis</span> <span class='ocrx_word' id='word_1_209' title='bbox 855 3098 935 3147; x_wconf 90' lang='lat' dir='ltr'>aestu</span> 
     </span>
     <span class='ocr_line' id='line_1_35' title="bbox 163 3171 823 3234; baseline -0.003 -3"><span class='ocrx_word' id='word_1_210' title='bbox 163 3172 358 3232; x_wconf 83' lang='grc' dir='ltr'>00111011οο1ιο</span> <span class='ocrx_word' id='word_1_211' title='bbox 372 3176 524 3233; x_wconf 89' lang='lat' dir='ltr'>acervatim</span> <span class='ocrx_word' id='word_1_212' title='bbox 535 3191 611 3234; x_wconf 89' lang='lat' dir='ltr'>mors</span> <span class='ocrx_word' id='word_1_213' title='bbox 621 3171 823 3234; x_wconf 86' lang='lat' dir='ltr'>accumulabat.</span> 
     </span>
     <span class='ocr_line' id='line_1_36' title="bbox 161 3255 839 3337; baseline 0 -23"><span class='ocrx_word' id='word_1_214' title='bbox 161 3256 246 3315; x_wconf 89' lang='lat' dir='ltr'>multa</span> <span class='ocrx_word' id='word_1_215' title='bbox 258 3258 304 3317; x_wconf 89' lang='lat' dir='ltr'>siti</span> <span class='ocrx_word' id='word_1_216' title='bbox 319 3267 460 3336; x_wconf 86' lang='lat' dir='ltr'>protracta</span> <span class='ocrx_word' id='word_1_217' title='bbox 471 3261 544 3319; x_wconf 87' lang='lat' dir='ltr'>viam</span> <span class='ocrx_word' id='word_1_218' title='bbox 557 3275 608 3334; x_wconf 89' lang='lat' dir='ltr'>per</span> <span class='ocrx_word' id='word_1_219' title='bbox 619 3276 729 3337; x_wconf 91' lang='lat' dir='ltr'>proque</span> <span class='ocrx_word' id='word_1_220' title='bbox 743 3255 839 3315; x_wconf 87' lang='lat' dir='ltr'>voluta</span> 
     </span>
     <span class='ocr_line' id='line_1_37' title="bbox 163 3341 836 3421; baseline 0.004 -23"><span class='ocrx_word' id='word_1_221' title='bbox 163 3357 284 3417; x_wconf 90' lang='lat' dir='ltr'>corpora</span> <span class='ocrx_word' id='word_1_222' title='bbox 298 3341 403 3402; x_wconf 89' lang='lat' dir='ltr'>silanos</span> <span class='ocrx_word' id='word_1_223' title='bbox 414 3341 449 3401; x_wconf 92' lang='lat' dir='ltr'>ad</span> <span class='ocrx_word' id='word_1_224' title='bbox 463 3360 596 3421; x_wconf 88' lang='lat' dir='ltr'>aquarum</span> <span class='ocrx_word' id='word_1_225' title='bbox 608 3351 693 3403; x_wconf 86' lang='lat' dir='ltr'>strata</span> <span class='ocrx_word' id='word_1_226' title='bbox 705 3341 836 3401; x_wconf 89' lang='lat' dir='ltr'>iacebant</span> 
     </span>
     <span class='ocr_line' id='line_1_38' title="bbox 161 3424 875 3504; baseline 0.003 -22"><span class='ocrx_word' id='word_1_227' title='bbox 161 3424 315 3486; x_wconf 90' lang='lat' dir='ltr'>interclusa</span> <span class='ocrx_word' id='word_1_228' title='bbox 326 3427 415 3485; x_wconf 89' lang='lat' dir='ltr'>anima</span> <span class='ocrx_word' id='word_1_229' title='bbox 426 3428 507 3487; x_wconf 91' lang='lat' dir='ltr'>nimia</span> <span class='ocrx_word' id='word_1_230' title='bbox 518 3426 552 3486; x_wconf 91' lang='lat' dir='ltr'>ab</span> <span class='ocrx_word' id='word_1_231' title='bbox 565 3426 715 3486; x_wconf 90' lang='lat' dir='ltr'>dulcedine</span> <span class='ocrx_word' id='word_1_232' title='bbox 727 3442 875 3504; x_wconf 81' lang='lat' dir='ltr'>aquarum,</span> 
     </span>
    </p>

    <p class='ocr_par' dir='ltr' id='par_1_10' title="bbox 80 3508 941 3590">
     <span class='ocr_line' id='line_1_39' title="bbox 80 3508 941 3590; baseline -0.001 -22"><span class='ocrx_word' id='word_1_233' title='bbox 80 3517 147 3570; x_wconf 80' lang='lat'><strong>1265</strong></span> <span class='ocrx_word' id='word_1_234' title='bbox 163 3508 305 3587; x_wconf 85' lang='lat' dir='ltr'>multaque</span> <span class='ocrx_word' id='word_1_235' title='bbox 318 3527 370 3586; x_wconf 92' lang='lat' dir='ltr'>per</span> <span class='ocrx_word' id='word_1_236' title='bbox 381 3510 480 3588; x_wconf 91' lang='lat' dir='ltr'>populi</span> <span class='ocrx_word' id='word_1_237' title='bbox 491 3513 594 3590; x_wconf 90' lang='lat' dir='ltr'>passim</span> <span class='ocrx_word' id='word_1_238' title='bbox 608 3510 675 3586; x_wconf 19' lang='lat' dir='ltr'>loca*</span> <span class='ocrx_word' id='word_1_239' title='bbox 684 3518 813 3589; x_wconf 89' lang='lat' dir='ltr'>prompta</span> <span class='ocrx_word' id='word_1_240' title='bbox 824 3511 941 3588; x_wconf 84' lang='lat' dir='ltr'>viasque</span> 
     </span>
    </p>
   </div>
   <div class='ocr_carea' id='block_1_3' title="bbox 0 0 1148 3886">
    <p class='ocr_par' dir='ltr' id='par_1_11' title="bbox 0 0 1148 3886">
     <span class='ocr_line' id='line_1_40' title="bbox 0 0 1148 3886; baseline 0 1"><span class='ocrx_word' id='word_1_241' title='bbox 0 0 1148 3886; x_wconf 95' lang='lat' dir='ltr'> </span> 
     </span>
    </p>
   </div>
  </div>
 </body>
</html>
