2288 3886
563 173 590 234 ll

147 344 317 422 montivago
329 341 429 420 generi
440 340 533 420 possit
544 341 684 420 praehere
700 342 830 404 ferarum.

151 445 244 508 quare
256 444 356 504 magua
367 426 451 486 deum
461 434 552 484 mater
562 434 708 505 materque
722 425 844 486 ieramm

151 520 186 574 et
194 512 285 571 nostri
300 511 433 588 genetrix
445 507 518 568 haec
530 508 606 568 diota
619 519 665 570 est
681 513 811 589 corporis
824 531 886 573 nna.

80 595 137 662 600
198 594 278 655 Hanc
290 602 406 653 veteres
420 590 532 652 Graium
545 592 622 653 docti
635 595 768 654 cecinere
782 604 887 674 poetae

151 762 274 825 sedibus
289 763 318 821 in
330 778 414 820 curru
426 760 540 837 biiugos
553 762 659 838 agitare
672 759 789 839 leones,

151 848 231 908 ae'ris
241 846 271 905 iu
282 846 374 924 spatio
385 862 513 923 magnam
523 843 650 922 pendere
662 844 800 907 docentes

152 928 305 1007 tellurem,
319 946 414 1007 neque
425 929 553 1008 posse-in
564 936 638 988 terra
651 930 754 990 sistere
766 939 878 992 terram.

152 1015 309 1076 adiunxere
321 1011 416 1090 ieras,
429 1013 493 1090 quia
506 1014 631 1092 quamvis
647 1012 736 1073 ellera
746 1013 844 1092 proles

84 1109 139 1166 606
156 1098 261 1160 officiis
273 1096 359 1158 dehet
371 1095 474 1157 molliri
485 1096 560 1156 victa
571 1106 726 1175 parentum.

152 1182 312 1262 muralique
325 1189 410 1259 caput
423 1198 560 1242 summurn
572 1182 687 1242 cinxere
701 1198 823 1259 corona,

154 1268 267 1329 eximiis
281 1266 385 1326 munita
397 1264 470 1326 locis
484 1267 548 1345 quia
563 1267 684 1327 sustinet
694 1266 794 1336 urbes:

155 1368 214 1432 quo
228 1369 303 1410 nuno
317 1350 420 1428 insigni
430 1368 483 1429 per
493 1367 608 1427 magnas
622 1350 749 1430 praedita
760 1361 850 1413 terras

154 1435 290 1497 horrifice
300 1434 390 1495 fertur
403 1433 513 1494 divinae
521 1436 617 1495 matris
628 1437 730 1513 imago.

88 1531 144 1586 610
154 1522 230 1582 hano
240 1520 335 1581 variae
347 1527 450 1595 gentes
462 1519 577 1599 antiquo
588 1536 667 1579 more
679 1537 824 1580 sacrorum

156 1605 271 1666 Idaeam
283 1605 408 1663 vocitant
419 1610 552 1681 matrem,
565 1602 760 1682 Phrygiasque
777 1612 906 1667 catervas

156 1689 224 1750 dant
236 1688 373 1763 comites,
387 1688 452 1765 quia
464 1688 582 1764 primum
593 1704 632 1746 ex
643 1687 700 1749 illis
713 1687 814 1748 linibus
828 1688 916 1751 edunt

156 1791 211 1853 per
220 1781 357 1833 terrarum
372 1771 469 1830 orbem
485 1769 584 1848 fruges
601 1773 736 1849 coepisse
750 1775 848 1832 creari.

155 1854 252 1936 gallos
265 1856 432 1931 attribuunt,
446 1855 527 1934 quia,
541 1871 643 1913 numen
659 1855 706 1932 qui
718 1854 848 1915 violarint

90 1951 141 2007 615
158 1943 257 2002 matris
271 1948 299 2000 et
311 1941 411 2017 ingrati
424 1937 602 2016 genitoribus
613 1938 719 1998 inventi
730 1939 802 2016 sint,

156 2026 320 2104 significare
331 2023 430 2084 volunt
440 2023 571 2100 indignos
583 2040 651 2084 esse
663 2022 821 2103 putandos,

156 2112 250 2170 vivam
261 2109 428 2187 progeniem
440 2108 526 2187 quiin
538 2125 601 2168 oras
613 2106 724 2170 luminis
736 2108 828 2170 edant.

157 2203 290 2273 tympana
300 2201 378 2254 tenta
390 2200 486 2252 tonant
497 2191 597 2271 palmis
612 2200 641 2253 et
657 2192 784 2268 cymbala
797 2194 902 2253 circum

158 2295 302 2354 concava,
314 2277 523 2356 raucisonoque
535 2277 672 2336 minantur
684 2294 788 2337 cornua
804 2287 902 2355 cantu,

94 2373 146 2429 620
157 2372 188 2424 et
200 2361 325 2439 Phrygio
336 2359 459 2422 stimulat
471 2377 587 2420 numero
601 2377 669 2419 cava
681 2360 879 2436 liniamentis,

158 2444 275 2526 telaque
290 2454 489 2525 praeponant,
506 2443 624 2504 violenti
635 2445 716 2521 signa
730 2442 852 2520 luroris,
880 2441 883 2445 ’

159 2533 288 2610 ingratos
300 2531 408 2591 animos
420 2538 505 2608 atque
516 2530 600 2606 impia
611 2537 730 2606 pectora
740 2525 820 2605 volgi

161 2623 329 2676 conterrere
342 2622 419 2674 metu
431 2631 504 2693 quae
515 2613 626 2692 possint
636 2613 748 2672 numini’
762 2611 851 2672 divae.

160 2716 232 2779 ergo
245 2697 438 2778 cumprimum
449 2715 563 2775 magnas
575 2699 688 2759 invecta
700 2715 754 2778 per
765 2697 842 2758 urbis

99 2791 148 2848 625
161 2783 305 2843 munificat
316 2782 401 2844 tacita
411 2781 536 2843 mortalis
547 2790 623 2842 muta
634 2781 746 2859 salute,

160 2886 229 2931 aero
240 2874 326 2946 atque
337 2875 457 2944 argento
473 2875 600 2927 sternunt
614 2867 669 2928 iter
679 2884 761 2927 omne
774 2865 898 2941 viarum,

161 2951 291 3030 largifica
302 2952 377 3030 stipe
389 2950 526 3029 ditantes,
538 2951 714 3031 ninguntque
725 2968 853 3011 rosarum

161 3036 280 3097 llorihus
295 3035 457 3096 umbrantes
471 3044 588 3095 matrem
600 3038 790 3112 comitumque
803 3043 940 3093 catervas.

161 3120 209 3181 hio
220 3128 324 3180 armata
333 3136 448 3197 murus,
462 3116 582 3180 Curetas
592 3120 705 3179 nomine
719 3115 784 3179 Grai

103 3209 150 3266 630
161 3222 234 3285 quos
245 3211 402 3264 memorant
413 3202 572 3283 Phrygios,
586 3204 659 3263 inter
672 3221 706 3263 se
717 3201 793 3262 iorte
805 3201 886 3278 qnod
898 3200 994 3261 arceis

163 3287 262 3349 ludunt
272 3289 301 3349 in
312 3305 516 3368 numemmqne
527 3285 655 3349 exultant
665 3284 893 3367 sanguinolenti,

163 3373 303 3435 terrificas
317 3372 441 3451 capitum
452 3373 611 3453 quatientes
622 3372 744 3432 momine
761 3370 878 3446 oristas,

163 3455 302 3521 Dictaeos
314 3455 443 3520 reiemnt
457 3453 594 3535 Curetas,
611 3455 659 3535 qui
670 3453 747 3516 lonis
763 3451 841 3513 illum
