2288 3886
533 191 573 249 vl

140 359 254 436 spiritus
266 376 316 416 ore
331 357 408 417 foras
420 366 540 417 taetrum
551 356 685 418 volvebat
697 359 831 430 odorem,

139 440 252 501 rancida
263 457 320 519 quo
331 439 464 520 perolent
478 443 608 518 proiecta
620 440 758 502 cadavera
768 443 831 500 ritu.

139 534 224 603 atque
235 527 317 583 animi
329 540 458 603 prorsum
471 533 531 584 tam
542 524 619 584 vires
630 526 733 602 totius,
747 543 830 585 omne

51 620 123 673 1155
139 607 291 685 languebat
304 625 428 686 corpus,
442 607 491 667 leti
505 609 558 665 iam
569 605 663 667 limine
675 609 703 666 iu
714 611 787 685 ipso.

139 689 423 769 intolerabilibusque
434 691 513 750 malis
528 693 695 751 5111111115
707 709 796 768 angor

138 774 256 834 adsidue
270 791 367 834 comes
380 783 409 833 et
423 776 529 851 gemitu
541 776 690 834 commixta
702 774 837 853 querella.

138 856 336 935 singultusque
348 857 484 935 frequens
499 866 612 917 noctem
623 876 676 936 per
687 877 775 937 saepe
787 857 918 939 diemque

140 944 286 1018 corripere
297 940 414 1000 adsidue
425 957 530 1001 nervos
541 951 570 1000 et
580 940 704 1002 membra
718 951 850 1002 coactans

51 1036 123 1089 1160
138 1023 313 1085 dissoluebat
327 1041 396 1100 eos,
410 1024 543 1086 defessos
553 1033 634 1101 aute,
647 1025 776 1100 fatigans.

137 1127 193 1168 nec
204 1109 288 1166 nimio
303 1109 432 1185 cuiquam
442 1124 548 1186 posses
558 1108 660 1167 ardore
675 1110 748 1168 tueri

138 1193 268 1270 corporis
280 1193 308 1250 in
320 1208 428 1251 summo
440 1208 575 1251 summam
586 1189 753 1251 fervescere
765 1201 891 1271 partem,

138 1274 190 1335 sed
202 1277 296 1353 potius
309 1274 434 1352 tepidum
447 1274 573 1334 manibus
587 1292 750 1353 proponere
764 1285 867 1336 tactum

138 1368 168 1418 et
179 1356 261 1419 simul
274 1358 419 1418 ulceribus
431 1360 511 1436 quasi
523 1359 622 1418 inustis
633 1374 715 1419 omne
728 1359 832 1420 rubere

51 1452 121 1505 1165
139 1460 261 1520 corpus,
274 1451 303 1501 11
318 1451 362 1503 551
373 1459 426 1520 per
436 1441 561 1501 membra
572 1458 655 1501 sacer
668 1441 732 1501 dum
744 1442 846 1503 diditur
856 1445 939 1519 ignis.

136 1527 232 1584 intima
243 1544 308 1604 pars
321 1524 462 1584 bominum
472 1542 543 1585 vero
559 1524 693 1602 flagrabat
704 1526 739 1586 ad
753 1544 836 1604 ossa,

138 1609 274 1686 flagrabat
285 1609 433 1669 stomacho
446 1608 553 1669 flamma
564 1619 594 1669 ut
605 1609 768 1672 fornacibus
780 1612 864 1672 intus.

136 1692 174 1751 nil
188 1693 260 1750 adeo
273 1710 378 1770 posses
391 1695 519 1770 cuiquam
531 1692 597 1752 leve
608 1702 751 1771 tenveque
766 1694 899 1754 membris

136 1783 251 1836 vertere
263 1776 291 1831 in
304 1771 471 1850 utilitatem,
484 1784 511 1833 at
522 1783 637 1834 ventum
649 1785 678 1835 ct
690 1777 797 1853 frigora
812 1794 935 1854 semper¹

50 1865 123 1922 1170
136 1861 164 1918 in
176 1858 277 1917 1111155
289 1857 390 1935 partim
401 1855 514 1934 gelidos
525 1856 650 1917 ardentia
662 1859 761 1918 morbo

137 1942 262 2001 membra
274 1940 393 2017 dabant,
409 1940 512 1999 nudum
525 1942 662 2002 iacientes
677 1959 785 2023 corpus
794 1944 822 2001 in
832 1942 930 2003 undas.

138 2025 217 2084 multi
228 2026 401 2104 praecipites
413 2022 535 2102 lymphis
547 2024 707 2103 putealibus
719 2026 775 2086 alte

138 2108 314 2185 inciderunt,
325 2110 390 2187 ipso
404 2110 554 2169 venientes
568 2126 618 2170 ore
630 2119 760 2188 patente:

137 2191 331 2252 insedabiliter
342 2194 406 2251 sitis
417 2191 512 2268 arida,
527 2209 648 2271 corpora
659 2195 790 2272 inurens,

49 2283 122 2339 1175
138 2275 276 2353 aequabat
286 2274 401 2334 multum
416 2276 510 2352 parvis
523 2276 666 2335 umoribus
678 2278 804 2337 imbrem.

138 2377 193 2419 nec
204 2360 320 2438 requies
332 2366 392 2417 5111
403 2356 460 2417 1111
471 2357 548 2418 mali:
562 2356 678 2418 defessa
688 2361 819 2423 iacebant
860 2420 871 2439 Ι

139 2459 268 2520 corpora.
282 2441 425 2501 mussabat
435 2442 522 2500 tacito
533 2442 671 2501 medicina
682 2444 801 2520 timore,

139 2528 245 2604 quippe
258 2527 381 2604 patentia
392 2542 456 2584 cum
469 2527 573 2585 totiens
584 2543 618 2584 ae
629 2529 724 2586 nuntia
733 2529 831 2587 mortis

137 2609 240 2669 lumina
250 2618 399 2669 versarent
410 2607 556 2668 oculorum
567 2611 695 2688 expertia
706 2627 814 2670 somno.

51 2701 122 2754 1180
138 2692 280 2771 multaque
293 2702 442 2771 praeterea
452 2695 549 2753 mortis
560 2703 618 2753 tum
629 2695 710 2772 signa
721 2694 870 2771 dabantur,

138 2777 302 2854 perturbata
312 2778 394 2836 animi
405 2795 484 2838 mens
495 2779 523 2836 in
534 2794 663 2838 maerore
678 2789 828 2858 metuque,

137 2863 218 2920 triste
231 2860 432 2938 supercilium,
444 2861 567 2921 furiosus
579 2861 674 2922 voltus
687 2871 716 2922 51
728 2881 812 2939 acer,

138 2943 280 3003 sollicitae
291 2960 377 3020 porro
388 2943 548 3022 plenaeque
560 2945 711 3006 sonoribus
723 2964 822 3020 aures,

138 3027 242 3086 creber
253 3028 368 3103 spiritus
380 3035 426 3085 aut
440 3029 543 3103 ingens
554 3043 676 3107 raroque
689 3037 821 3104 coortus,

53 3117 121 3172 1185
136 3110 304 3188 sudorisque
317 3109 432 3169 madens
443 3128 497 3188 per
509 3108 613 3169 collum
628 3110 792 3190 splendidus
804 3127 899 3186 umor,

138 3197 232 3254 tenvia
243 3202 325 3271 sputa
335 3193 456 3269 minuta,
470 3196 547 3253 croci
561 3204 690 3255 contacta
705 3194 803 3255 colore

138 3277 287 3355 salsaque,
299 3294 352 3355 per
363 3275 461 3337 fauces
476 3295 575 3337 macas
586 3280 635 3337 vix
646 3279 720 3338 edita
731 3280 811 3339 tussi.

137 3364 164 3420 in
176 3361 303 3420 manibus
314 3377 385 3420 vero
396 3363 477 3420 nervi
489 3360 602 3421 trahere
614 3371 643 3422 51
653 3371 777 3422 tremere
788 3370 865 3421 artus

136 3463 152 3503 a
164 3443 343 3522 pedibusque
354 3445 506 3504 minutatim
517 3444 676 3505 succedere
688 3445 777 3523 frigus

829 3525 894 3590 13*
