2288 3886
521 155 549 218 ΙΙ

116 343 177 394 tum
187 349 275 411 porro
288 350 484 412 quaecumque
496 334 554 410 igni
571 333 707 395 flammata
721 344 897 415 cremantur,

119 419 144 478 si
156 417 195 477 nil
207 426 375 497 praeterea,
388 424 482 476 tamen
493 416 564 476 haec
578 418 606 476 iu
618 435 740 496 corpore
753 418 885 499 cludunt,

63 500 191 566 sicunde
203 505 301 580 ignem
316 502 411 560 iacere
424 510 453 560 et
464 500 558 560 lumen
569 503 742 563 summittere
755 506 866 583 possint

118 584 317 663 scintillasque
329 602 416 660 agere
428 602 462 644 ac
472 584 529 644 late
541 584 654 645 differre
665 584 797 648 favillam.

119 679 217 731 cetera
228 667 369 730 consimili
379 670 481 729 mentis
493 670 602 729 ratione
613 686 768 748 peragrans

116 754 247 815 invenies
257 753 344 831 igitur
354 751 500 812 multarum
512 753 618 813 semina
631 771 724 813 rerum

118 855 244 917 corpore
257 835 353 897 celare
365 846 394 897 et
405 840 496 897 varias
509 836 646 897 cohibere
657 838 770 915 figuras.

63 932 106 987 580
118 922 242 1001 denique
255 919 342 980 multa
352 920 452 998 vides,
468 921 568 999 quihus
582 931 611 981 et
623 921 705 982 color
716 932 746 983 et
757 941 843 1002 sapor
854 943 910 984 una

115 1004 226 1067 reddita
238 1014 302 1066 sunt
318 1023 381 1065 cum
394 1005 500 1082 odore,
511 1007 538 1064 in
549 1005 646 1084 primis
658 1005 795 1085 pleraque
808 1007 879 1070 doun

114 1175 188 1234 haec
199 1175 286 1252 igitur
296 1174 380 1233 variis
394 1173 500 1233 dehent
515 1182 646 1233 constare
658 1172 770 1251 figuris:

115 1259 198 1318 nidor
208 1260 283 1319 enim
294 1266 425 1336 penetrat
437 1276 491 1336 qua
505 1258 588 1317 fucus
600 1275 655 1319 non
669 1260 690 1318 it
704 1260 837 1338 marius,

115 1342 199 1403 fucus
211 1345 279 1402 item
290 1359 418 1418 sorsum,
431 1361 543 1402 sorsum
557 1359 643 1422 sapor
656 1344 810 1403 insinuatur

63 1438 103 1491 i85
118 1428 267 1496 sensibus;
279 1435 310 1486 ut
322 1443 427 1486 noscas
439 1428 527 1505 privis
539 1426 639 1487 differe
651 1426 757 1506 figuris.

116 1510 268 1572 dissimiles
280 1511 366 1587 igitur
377 1509 484 1570 formae
496 1509 688 1588 glomeramen
698 1514 726 1571 in
738 1531 821 1572 unum

116 1597 306 1672 conveniunt,
320 1603 349 1654 et
361 1613 408 1654 res
423 1597 564 1672 permixto
576 1598 684 1656 semine
697 1605 836 1659 constant.

115 1681 279 1760 quinetiam
291 1681 397 1757 passim
407 1681 511 1739 nostris
525 1682 553 1738 in
565 1681 696 1741 versibus
708 1682 779 1760 ipsis

113 1763 201 1824 multa
214 1763 356 1823 elementa
367 1762 448 1823 vides
463 1762 558 1823 multis
571 1765 726 1823 communia
737 1765 850 1842 verbis,

63 1856 101 1911 iso
114 1867 179 1910 cum
190 1857 284 1908 tamen
298 1848 372 1907 inter
386 1865 419 1906 se
432 1864 534 1906 versus
545 1863 578 1904 ac
592 1847 681 1905 verba
694 1864 819 1906 necesse
834 1859 879 1907 est

114 1932 270 1993 confiteare
281 1930 336 1992 alia
346 1950 384 1990 ex
400 1929 461 1989 aliis
475 1938 605 1990 constare
619 1928 782 1998 elementis;

111 2035 170 2077 non
184 2033 241 2095 quo
252 2015 338 2075 multa
349 2033 446 2094 parum
459 2014 613 2074 communis
627 2011 721 2074 littera
733 2023 826 2074 currat

112 2110 159 2161 aut
173 2099 242 2160 nulli
255 2102 329 2160 inter
339 2118 372 2160 se
385 2098 440 2158 duo
453 2101 508 2159 sint
520 2117 557 2158 ex
569 2098 697 2159 omnibus
708 2099 800 2177 idem,

113 2185 167 2245 sed
179 2187 312 2263 quianon
325 2183 413 2261 volgo
425 2185 501 2262 paria
515 2184 643 2243 omnibus
656 2185 746 2244 omnia
762 2192 902 2245 constent.

63 2277 99 2332 395
114 2271 158 2330 sic
167 2269 229 2329 aliis
242 2270 270 2328 in
282 2268 369 2327 rebus
380 2271 447 2327 item
462 2269 616 2327 communia
628 2266 714 2328 multa

111 2353 260 2414 multarum
271 2369 365 2412 rerum
380 2370 443 2412 cnm
455 2353 509 2411 sint
520 2349 687 2429 primordia,
702 2368 801 2409 verum

113 2436 241 2498 dissimili
255 2446 348 2496 tamen
359 2438 433 2496 inter
444 2453 476 2493 se
492 2435 651 2494 consistere
662 2451 769 2494 summa

111 2530 248 2600 possunt;
263 2531 293 2580 ut
307 2522 408 2580 merito
420 2538 458 2578 ex
472 2517 533 2579 aliis
546 2526 678 2578 constare
691 2517 798 2576 feratur

111 2605 259 2665 humanum
271 2623 362 2682 genus
376 2612 404 2663 et
418 2603 516 2680 fruges
528 2602 698 2681 arbustaque
710 2600 792 2662 laeta.

63 2694 103 2750 too
154 2687 218 2749 Nec
231 2698 324 2748 tamen
336 2688 501 2748 omnimodis
517 2689 629 2747 conecti
640 2705 730 2766 posse
742 2685 893 2767 putandum
906 2697 952 2749 est

112 2775 217 2833 omnia:
232 2790 295 2832 nam
306 2772 394 2848 volgo
407 2773 467 2830 fieri
480 2781 611 2850 portenta
622 2771 754 2850 videres,
840 2782 843 2786 ’

112 2857 259 2918 semiferas
272 2855 413 2916 hominum
427 2858 542 2933 species
554 2857 697 2933 existere,
712 2865 740 2916 et
750 2854 823 2917 altos

111 2940 250 3000 interdum
259 2958 352 3001 ramos
365 2942 461 3016 egigni
473 2957 595 3018 corpore
610 2942 693 3017 vivo,

112 3023 255 3105 multaque
268 3026 381 3098 conecti
393 3026 540 3084 terrestria
549 3023 674 3084 membra
685 3027 814 3102 marinis,

63 3113 101 3170 '05
114 3117 171 3168 tum
185 3108 321 3169 dammam
334 3116 426 3168 taetro
441 3109 573 3187 spirantis
586 3125 635 3166 ore
648 3105 810 3168 Chimaeras

112 3210 232 3271 pascere
246 3201 371 3253 naturam
384 3210 437 3272 per
450 3202 540 3252 terras
553 3192 763 3270 omniparentis.

113 3295 231 3356 quorum
244 3276 283 3336 nil
297 3277 357 3336 fieri
368 3275 546 3336 manifestum
562 3285 624 3352 est,
637 3277 728 3336 omnia
742 3272 852 3353 quando

112 3361 265 3422 seminibus
278 3361 364 3420 certis
376 3370 454 3420 certa
468 3360 616 3438 genetrice
629 3368 724 3419 creata

112 3462 283 3506 conservare
295 3463 386 3522 genos
400 3444 560 3505 crescentia
571 3459 659 3521 posse
670 3442 808 3504 videmus.

71 3531 225 3588 Lucaurms.
851 3529 873 3588 4
