2288 3886
586 231 627 292 lll

184 415 216 466 et
230 402 320 465 veluti
331 419 429 462 munus
439 410 486 461 eut
498 399 601 462 oculus
611 419 733 463 naresve
746 417 876 462 seorsum

155 503 170 552 t
187 497 303 551 secretu
313 486 349 546 ab
360 486 445 550 nobis
457 494 603 564 nequeunt
617 487 723 547 sentire
734 502 830 564 neque
842 503 927 563 esse,

186 571 241 634 sed
252 582 345 631 tumen
359 571 387 629 in
398 587 487 648 parvo
499 570 642 630 lincuntur
651 579 781 648 tempore
795 570 871 646 tubi,

185 658 230 716 sic
241 657 348 717 animus
359 671 455 734 perse
468 670 525 714 non
537 656 597 732 quit
608 656 670 714 siue
683 664 846 733 corporeet
858 655 922 729 ipso

186 758 254 801 esse
266 739 396 815 homine,
412 737 489 798 illius
501 740 581 817 quasi
596 737 672 817 quod
682 755 732 799 ras
744 756 812 798 esse
823 737 955 816 videtur,

186 825 248 884 sive
264 821 339 884 uliud
351 822 418 901 quid
429 824 472 883 vis
486 823 582 902 potius
598 823 775 883 coniunctius
787 822 814 880 ei

124 920 171 972 »55
184 907 310 984 lingere:
323 905 548 985 qnandoquidem
565 924 676 966 conexu
689 922 795 985 corpus
805 905 940 966 adhaeret

186 991 326 1070 denique,
343 993 473 1069 corporis
486 999 572 1068 atque
586 992 670 1051 enimi
681 991 773 1051 sivetu
784 998 914 1067 potestus

185 1077 259 1134 inter
272 1094 304 1136 se
316 1075 466 1135 coniuncte
477 1073 572 1134 valent
586 1076 701 1152 vitaque
712 1073 855 1133 lrunutur:

184 1177 241 1219 nec
253 1161 315 1218 sine
327 1175 451 1235 corpore
469 1159 544 1217 euim
557 1157 650 1219 vitalis
662 1158 749 1218 edere
762 1167 856 1217 motus

186 1242 247 1302 sola
261 1251 357 1321 potest
371 1243 455 1302 animi
469 1259 566 1320 perse
582 1252 679 1302 natum
690 1260 745 1301 nec
756 1250 850 1301 eutem

115 1338 175 1392 560
189 1344 302 1386 cussum
312 1328 403 1385 anima
420 1343 526 1405 corpus
539 1325 640 1387 durare
652 1336 681 1387 et
693 1326 825 1387 sensibus
837 1327 885 1387 uti.

186 1410 317 1488 scilicet,
329 1407 445 1472 avolsus
456 1411 599 1471 radicibus
609 1420 639 1471 ut
650 1413 749 1489 nequit
759 1407 844 1471 ullam

185 1495 330 1574 dispicere
344 1494 408 1572 ipse
422 1493 523 1554 oculus
535 1513 596 1554 rem
611 1513 741 1556 seorsum
753 1512 876 1574 corpore
890 1505 970 1575 toto,

184 1579 228 1640 sic
242 1580 333 1638 anima
347 1588 433 1657 utque
447 1581 555 1642 enimus
566 1599 619 1658 per
631 1600 663 1642 se
674 1578 714 1639 nil
725 1597 814 1660 posse
828 1579 941 1641 videtur

183 1663 329 1739 uimimm‚
343 1665 407 1741 quie
415 1682 475 1741 per
485 1682 574 1723 venus
588 1673 617 1724 et
628 1666 740 1726 viscera
752 1664 875 1742 mixtim,

113 1756 171 1812 565
185 1764 240 1826 per
251 1762 358 1807 nervos
368 1755 454 1825 utque
469 1765 551 1825 ossa,
564 1758 697 1809 tenentur
709 1764 833 1826 corpore
844 1749 879 1807 ah
895 1749 970 1807 omui

183 1849 241 1891 nec
251 1832 361 1908 magnis
373 1831 528 1892 intervallis
540 1831 692 1910 primordia
706 1839 826 1909 possunt

183 1915 276 1976 libem
286 1913 454 1993 dissultare,
469 1916 536 1975 ideo
549 1914 684 1974 conclusa
695 1922 846 1973 moventur

184 1998 344 2060 sensiferos
356 2009 468 2077 motus,
481 2015 554 2077 quos
566 2009 646 2060 extra
659 2014 764 2076 corpus
776 1999 804 2056 in
818 2014 900 2058 surus

182 2085 261 2144 aeris
272 2083 338 2143 laur
350 2094 470 2162 possunt
483 2093 549 2162 post
561 2093 681 2143 mortem
694 2084 786 2143 eiecta
797 2082 905 2142 moveri

113 2174 172 2231 570
185 2177 341 2247 propterea
352 2167 482 2248 quianon
496 2167 580 2230 simili
591 2169 699 2228 ratione
710 2175 856 2228 tenentur:

185 2267 293 2331 corpus
305 2253 379 2311 euim
390 2259 476 2329 utque
490 2253 616 2313 animans
631 2253 685 2312 erit
696 2258 762 2329 adr,
774 2254 798 2310 si
813 2251 949 2311 cohibere

183 2337 214 2394 in
228 2354 260 2397 se
275 2336 393 2395 animem
406 2344 490 2414 utque
505 2336 533 2395 in
549 2352 601 2396 eos
612 2337 716 2414 potem't
729 2333 903 2394 concludere
915 2346 1025 2413 motus,

185 2436 259 2497 quos
269 2429 335 2479 unte
346 2421 374 2479 in
386 2422 482 2481 neruis
493 2429 522 2480 et
536 2421 564 2479 iu
578 2421 642 2498 ipso
655 2435 777 2497 corpore
787 2416 900 2494 egebat.

185 2520 273 2581 quere
286 2504 370 2564 etiem
380 2511 466 2582 utque
479 2506 563 2564 etiam
578 2500 708 2563 resoluto
718 2501 848 2581 corporis
864 2502 939 2558 omni

97 2594 171 2650 '575
186 2588 313 2666 tegmine
328 2596 358 2647 et
368 2588 471 2648 electis
482 2597 562 2647 extru
573 2586 704 2648 vitalibus
715 2588 791 2647 nuris

184 2669 304 2733 dissolui
315 2689 418 2732 sensus
428 2673 510 2732 enimi
520 2671 628 2732 fateare
639 2679 792 2733 necessest

182 2763 268 2834 utque
279 2755 415 2832 animum,
431 2757 562 2834 quonium
573 2758 750 2817 coniunctast
765 2772 850 2816 cause
861 2753 981 2815 duobus.

225 2839 358 2918 Denique
370 2857 435 2899 cum
447 2856 553 2918 corpus
566 2849 691 2918 nequeat
701 2839 832 2919 perferre
843 2839 943 2901 enimsi

184 2918 348 2999 discidium,
361 2924 467 3001 quinio
482 2932 574 2984 taetro
584 2925 713 2986 tabescet
724 2922 831 3000 odore,

111 3012 171 3068 580
185 3005 251 3084 quid
263 3005 375 3067 dubites
389 3009 456 3084 quin
470 3025 509 3067 ex
519 3008 576 3068 imo
590 3010 762 3089 penitusque
778 3017 876 3068 coortu

184 3091 319 3150 emenurit
334 3091 374 3151 uti
385 3090 478 3152 iumus
493 3090 594 3154 dill'usu
606 3093 714 3153 animae
730 3093 793 3167 vis,

181 3180 268 3252 utque
278 3173 345 3234 ideo
355 3181 431 3235 tenta
442 3183 575 3235 mutatum
587 3185 670 3255 putre
681 3176 760 3234 ruina

184 3257 341 3318 conciderit
353 3274 475 3337 corpus,
491 3260 603 3336 penitus
619 3259 683 3339 quia
693 3267 768 3318 motu
780 3257 847 3317 loco
862 3266 926 3321 suut

49 3385 50 3414 2
182 3338 378 3420 fundamento,
392 3342 470 3404 iores
480 3353 609 3404 manente
622 3342 713 3404 anime
724 3360 815 3419 usque
829 3359 883 3421 per
896 3351 974 3405 suus

49 3503 50 3506 Ἴ
113 3430 171 3487 uec
183 3440 295 3504 perque
308 3426 415 3486 niumm
427 3429 518 3488 omnis
532 3427 641 3505 flexus,
655 3429 819 3505 incorpore
832 3427 879 3505 qui
894 3435 975 3506 suut,

180 3516 266 3588 utque
281 3506 437 3571 dommine?
452 3510 623 3574 multimodis
637 3521 667 3572 nt
678 3526 802 3571 noscere
816 3513 912 3591 possis
