2288 3886
546 214 561 277 l

132 381 163 440 ln
173 382 258 442 terris
271 398 412 460 oppressa
425 383 504 461 gravi
516 380 569 441 sub
580 379 734 460 religione..

134 482 208 544 quae
222 474 306 543 eaput
317 483 333 525 a
345 465 417 526 caeli
429 465 594 543 regionibus
607 465 775 526 ostendebat

80 560 118 615 65
135 548 265 608 horribili
277 566 366 627 super
376 558 496 629 aspectu
509 548 674 609 mortalibus
686 552 809 626 instans,

132 633 254 712 primum
266 630 365 692 Graius
376 632 462 694 bomo
474 631 599 693 mortalis
611 633 729 694 tendere
742 642 839 694 contra

134 725 180 777 est
192 714 293 776 oculos
306 733 391 777 ausus
401 719 567 797 primusque
579 716 721 779 obsistere
735 727 846 784 contra;

133 816 219 880 quern
230 816 324 878 neque
336 799 400 859 iana
412 801 495 861 deum
506 819 561 860 nec
574 799 688 861 fulmina
699 820 754 862 nec
765 801 901 861 minitanti

132 900 276 943 murmure
289 886 460 962 compressit
472 883 599 960 coelum,
618 885 671 944 sed
683 903 719 945 eo
730 886 819 963 magis
831 902 925 945 aerem

80 978 118 1033 to
132 969 228 1028 inritat
238 968 321 1026 animi
332 968 481 1045 virtutem,
494 967 648 1045 effringere
662 978 691 1029 ut
703 978 762 1029 arta

133 1060 250 1112 naturas
262 1051 368 1129 primus
380 1061 524 1131 portarurn
537 1051 660 1112 claustra
671 1054 790 1130 cupiret.

133 1151 207 1212 ergo
220 1134 313 1194 vivida
324 1136 367 1196 vis
379 1137 461 1195 animi
473 1137 613 1215 pervicit,
626 1145 655 1195 et
667 1147 747 1196 extra

132 1219 278 1300 prooessit
289 1217 377 1296 longe
389 1218 554 1279 flammantia
565 1221 676 1279 moenia
688 1220 782 1279 mundi

132 1314 220 1382 atque
233 1319 316 1362 omne
328 1303 494 1363 immensum
506 1305 667 1381 peragravit
675 1313 770 1365 mente
782 1305 946 1382 animoque;

82 1397 118 1455 75
133 1386 210 1447 unde
219 1385 309 1446 reiert
320 1380 403 1447 nobis
415 1388 508 1447 victor
521 1386 587 1465 quid
598 1390 690 1466 possit
703 1390 785 1465 oriri,

133 1470 202 1552 quid
212 1478 352 1549 nequeat,
365 1471 442 1530 linita
452 1479 581 1549 potestas
594 1470 716 1549 denique
729 1474 831 1550 cuique

133 1572 190 1636 qun
200 1572 264 1614 nam
275 1555 311 1615 sit
322 1556 431 1615 ratione
443 1563 528 1633 atque
540 1553 597 1614 alte
609 1557 743 1616 terminus
754 1556 884 1616 haerens.

133 1657 223 1718 quare
234 1636 338 1715 religio
348 1637 469 1718 pedibus
482 1638 610 1699 subiecta
622 1640 747 1700 vicissim

133 1724 291 1804 optentur,
303 1738 356 1782 nos
369 1731 509 1801 exaequat
521 1724 640 1782 victoria
652 1723 743 1782 caelo.

80 1819 118 1875 80
176 1804 250 1866 lllud
261 1807 290 1863 in
300 1804 344 1865 bis
356 1806 442 1866 rebus
453 1822 575 1882 vereor,
593 1824 629 1865 ne
641 1805 715 1865 ioute
727 1808 815 1866 rearis

130 1892 208 1970 inpia
218 1899 248 1949 te
260 1890 375 1949 rationis
387 1891 457 1949 inire
470 1887 612 1949 elementa
622 1891 752 1966 viarnque

131 1971 282 2052 indugredi
294 1972 426 2034 sceleris.
447 1972 523 2052 quod
536 1980 635 2032 contra
646 1974 760 2051 saepius
772 1971 820 2032 illa

130 2058 237 2135 religio
248 2058 361 2135 peperit
373 2055 522 2118 scelerosa
531 2066 614 2135 atque
627 2058 711 2135 impia
723 2055 805 2117 iacta.

131 2141 305 2219 Aulidaque
317 2150 402 2220 pacto
413 2139 515 2201 Triuiai
527 2142 643 2218 virginis
656 2158 729 2201 aram
796 2166 799 2171 ·

77 2238 115 2294 85
133 2226 307 2307 Iphianassai
319 2233 465 2302 turparunt
476 2227 613 2303 sanguine
624 2224 710 2285 ioede

132 2310 269 2371 ductores
279 2307 405 2367 Danaum
416 2307 538 2386 delecti,
551 2311 639 2388 prima
651 2310 781 2368 virorum.

134 2397 181 2455 cui
195 2390 277 2455 simul
288 2390 376 2452 infula
386 2394 531 2470 virgineos
544 2393 649 2452 circum
661 2391 723 2450 data
735 2399 864 2468 comptus

134 2496 171 2540 cx
182 2487 300 2556 utraque
312 2478 372 2556 pari
384 2475 517 2536 malarum
530 2484 610 2554 parte
623 2476 785 2552 prolusast,

135 2571 164 2623 et
175 2570 313 2621 maestum
324 2559 480 2622 simulante
493 2577 555 2620 aras
566 2559 677 2620 adstare
689 2566 835 2636 parentem

84 2658 120 2712 90
135 2647 246 2721 sensit,
259 2653 288 2704 et
299 2643 374 2703 huuc
386 2654 505 2723 proptor
517 2643 623 2704 ferrum
636 2642 730 2703 celare
743 2643 903 2722 ministros,

133 2737 311 2810 aspectoque
323 2745 375 2789 suo
387 2728 516 2789 lacrimas
528 2726 674 2788 effundere
687 2729 773 2803 civis,

20 2872 24 2879 .
133 2823 209 2875 muta
219 2821 295 2873 metu
307 2821 411 2873 terram
424 2813 544 2889 genibus
556 2812 704 2872 summissu
715 2811 848 2891 petebat:

132 2898 321 2960 uecmiserae
332 2895 473 2976 prodesse
485 2897 513 2954 iu
523 2895 572 2957 tali
582 2905 712 2975 tempore
725 2896 822 2975 quibat

134 2980 212 3063 quod
222 2982 313 3060 patrio
324 2981 459 3060 princeps
472 2979 587 3041 donarat
599 2982 712 3040 nomine
722 2998 837 3057 regem:

10 3104 12 3109 ·
86 3075 121 3130 bc
134 3085 198 3128 nam
207 3064 317 3128 sublata
328 3066 417 3124 uirum
427 3064 554 3125 manibus
565 3064 797 3143 tremibundaque
808 3063 842 3123 ad
853 3081 915 3124 aras

135 3149 300 3227 deductam,
317 3165 374 3208 non
384 3157 414 3208 ut
426 3147 556 3209 sollemni
569 3165 647 3208 more
660 3165 804 3209 sacrorum

133 3234 266 3315 perlecto
278 3242 379 3313 posset
392 3230 469 3292 claro
482 3234 608 3294 comitari
619 3231 801 3308 Hymenaeo,

10 3372 12 3379 .
134 3318 188 3381 sed
200 3326 277 3378 casta
289 3319 416 3393 inceste,
428 3317 552 3377 nubendi
564 3325 694 3394 tempore
705 3318 733 3375 in
746 3318 826 3395 ipso,

10 3426 18 3485 u
133 3403 227 3464 hostia
239 3400 406 3463 concideret
417 3411 537 3461 mactatu
549 3410 656 3460 maesta
667 3399 810 3479 parentis,

10 3480 23 3547 -’.
71 3494 122 3551 too
134 3488 227 3550 exitus
238 3494 268 3546 ut
281 3483 366 3546 classi
378 3483 448 3546 lelix
458 3486 626 3562 faustusque
638 3484 758 3545 daretur.

844 3567 885 3629 1*
