2288 3886
357 210 361 217 ⁴
504 187 544 247 IV
983 189 1019 251 91

14 362 93 418 1080
109 349 239 413 ceddum
250 351 333 412 abest
345 348 423 428 qnod
433 370 569 429 avemus,
584 351 613 412 id
625 370 799 432 exsuperare
810 352 922 414 videtur

110 443 223 496 cetera:
235 432 405 514 pontelini,
418 453 481 496 cnm
494 437 613 514 contigit
624 434 709 514 illud,
721 454 855 513 avemus,

110 527 140 579 ot
150 520 213 580 aitis
223 536 314 597 aequa
324 527 403 579 tonet
415 521 481 580 riiai
492 537 607 599 sempor
617 518 727 581 hiantia.

109 611 284 682 posteraque
297 603 325 662 in
336 600 450 663 dubiost
461 603 600 664 fortunam
612 621 694 681 quarn
703 603 788 663 vehat
799 613 896 682 aetas,

111 685 216 765 quidve
227 686 299 746 ierat
309 685 392 746 nobis
405 704 489 749 carue
500 689 585 766 quive
597 689 690 748 exitus
700 689 795 750 instet.

18 778 92 833 1085
108 788 164 830 nec
175 787 306 849 prorsum
316 771 402 829 vitam
414 770 544 831 ducendo
555 771 690 830 demimus
702 769 789 830 hilum

108 863 239 933 tompore
251 852 287 914 de
298 855 397 915 mortis
408 873 464 915 nco
475 853 602 914 delibare
614 853 758 933 valemus,

110 940 269 1016 quominus
281 955 349 998 esse
360 937 406 997 diu
418 940 560 1017 poscimus
575 937 650 998 forie
660 939 810 1017 perempti.

109 1020 229 1099 proinde
240 1020 310 1083 iicet
321 1023 433 1100 quotvis
445 1021 567 1082 virendo
580 1020 705 1082 condere
717 1019 825 1081 saecla:

110 1121 187 1168 mors
199 1115 316 1167 aeterna
326 1114 418 1166 tamen
427 1105 485 1166 nilo
497 1107 586 1165 minua
601 1105 649 1180 illa
659 1103 798 1180 manebit,

21 1197 95 1252 1090
110 1207 165 1249 nec
176 1191 268 1251 minus
282 1187 332 1249 illc
344 1188 391 1248 din
402 1191 456 1249 ian
466 1207 523 1249 non
535 1191 604 1266 erit,
617 1207 654 1249 er
666 1186 806 1248 hodierno

109 1272 213 1334 iumine
227 1275 275 1353 qni
287 1273 370 1333 finem
381 1275 447 1333 vitai
462 1273 549 1350 iecit,
562 1281 591 1332 ei
602 1271 670 1349 iile,

109 1357 349 1436 memineratque
361 1359 440 1417 annio
452 1359 499 1435 qui
510 1354 603 1416 rnnliis
617 1354 722 1416 occidit
736 1363 809 1414 anie.

404 1583 642 1593 -——---

268 1775 305 1867 i.
343 1772 600 1868 idonior
637 1775 781 1867 didi

104 1945 193 2058 rr
254 1938 944 2105 oranninrorn

326 2115 467 2211 iiiiii
495 2127 722 2222 doridos,

423 2304 613 2312 -0—-1

102 2427 115 2513 Η
130 2399 207 2508 Avia
218 2444 360 2506 Pieridum
373 2462 496 2523 peragro
507 2443 572 2505 loca
584 2443 688 2504 nullius
700 2453 765 2505 ante

107 2533 172 2592 trita
183 2529 257 2592 solo.
269 2532 345 2589 iurat
359 2530 487 2607 integros
500 2527 642 2589 accedere
654 2529 740 2590 fontis

108 2624 194 2694 atque
205 2612 335 2691 haurire,
349 2614 483 2692 iuvatque
493 2629 586 2673 novos
598 2612 758 2692 decerpere
769 2612 856 2674 dores

108 2700 306 2777 insignemque
317 2713 381 2757 meo
394 2698 481 2775 capiti
491 2706 593 2775 peiere
603 2697 669 2758 inde
682 2713 831 2775 coronam,

81 2793 97 2844 5
110 2782 185 2842 unde
197 2783 276 2861 prins
287 2779 356 2840 nulli
368 2778 488 2840 velarint
499 2790 627 2860 tempora
637 2799 749 2849 musae;

108 2868 229 2945 primurn
240 2863 316 2943 quod
327 2867 436 2942 magnis
449 2863 542 2924 doceo
554 2862 688 2925 derebus
701 2874 730 2925 et
742 2865 810 2924 artis

107 2948 278 3029 religionum
289 2950 408 3007 animum
419 2946 500 3008 nodis
512 2946 666 3008 exsolvere
677 2966 786 3027 pergo,
883 2950 885 2957 ’

109 3032 213 3094 deindo
225 3031 301 3110 qnod
313 3033 436 3093 obscura
447 3029 483 3092 de
494 3049 525 3091 re
540 3040 596 3090 tam
608 3030 702 3091 lucida
715 3048 808 3108 pango

110 3119 249 3195 carmina,
261 3133 377 3176 musaeo
390 3117 558 3193 contingens
571 3123 673 3174 cuncta
683 3112 794 3193 lepore.

60 3211 94 3264 10
108 3200 138 3262 id
149 3218 264 3281 qnoque
273 3202 413 3261 enimnon
423 3199 458 3260 ab
469 3197 545 3258 nulla
556 3199 664 3259 ratione
675 3197 801 3257 videtur:

109 3302 173 3346 narn
183 3283 274 3345 veluti
286 3286 383 3363 pucrio
395 3283 531 3344 absinthia
542 3291 632 3342 taetra
642 3279 790 3342 medentes

112 3386 176 3430 cnrn
185 3367 252 3430 dare
265 3377 418 3444 conantur,
429 3370 508 3446 prius
521 3383 603 3442 orae,
615 3363 719 3444 pocula
732 3365 857 3442 circum,

112 3455 277 3531 contingunt
288 3450 381 3512 mellis
394 3449 470 3511 dulci
482 3450 613 3529 flavoque
623 3447 753 3527 liquore,
