2288 3886
110 156 154 220 80
592 155 632 215 lll

194 324 342 406 particulis
354 321 480 386 66666667
494 333 522 385 at
534 342 568 384 ea
580 325 688 385 ratione
704 331 841 403 sequetur

195 429 277 472 unam
288 412 458 471 animantem
470 409 576 470 animas
588 408 722 468 habuisse
734 408 763 467 in
776 423 899 485 corpore
910 406 1026 473 multas.

87 542 98 565 .
128 505 180 560 665
191 512 262 573 ergo
276 494 392 554 divisast
407 510 442 553 ea
456 510 529 572 quae
540 493 592 552 luit
604 510 657 552 666
669 489 751 552 simul
767 510 831 551 cum

196 595 333 658 corpore;
349 587 524 658 quapropter
534 575 654 637 mortale
665 586 815 656 utrumque
831 576 1032 657 putandumst,

195 666 224 723 in
236 663 341 724 multas
354 664 484 742 quoniam
495 663 583 740 partis
598 659 745 722 disciditur
757 679 861 739 acque.

236 747 389 809 Praeterea
400 749 424 807 si
438 744 593 807 inmortalis
604 754 701 806 natura
710 746 810 805 animai

196 842 307 894 constat
319 841 348 892 et
360 832 389 890 ln
399 848 505 910 corpus
519 830 703 892 nascentibus
714 829 886 907 insinuatur,

131 925 185 980 670
196 936 246 979 cur
261 934 349 995 super
362 925 428 976 ante
438 924 530 975 actam
539 924 663 976 aetatem
674 915 837 976 meminisse
849 914 1019 994 nequimus,

193 1021 250 1062 nec
261 1001 383 1078 vestigia
393 1008 538 1079 gestarum
552 1017 647 1060 rerum
661 996 719 1057 ulla
729 995 882 1059 tenemus?

194 1105 257 1146 nam
272 1085 296 1146 si
306 1094 384 1146 tanto
396 1092 515 1165 operest
525 1085 608 1144 auiuri
619 1092 722 1143 mutata
737 1092 882 1163 potestas,

194 1172 286 1231 omnis
300 1179 330 1230 ut
345 1177 471 1230 actarum
483 1167 622 1228 exciderit
634 1169 785 1228 retinentia
795 1185 907 1246 rerum,

194 1271 269 1334 non,
283 1264 313 1313 ut
328 1255 446 1334 opinor,
459 1252 487 1312 id
497 1271 514 1313 a
524 1251 584 1312 leto
595 1253 649 1312 iam
663 1252 788 1328 longiter
799 1261 890 1319 errat;

132 1346 184 1402 676
196 1348 372 1417 quapropter
383 1338 490 1398 fateare
504 1345 655 1397 necessest
668 1354 741 1414 quae
752 1336 804 1396 luit
815 1344 880 1397 aute

195 1424 356 1498 interiisse,
373 1432 402 1482 et
413 1440 486 1499 quae
497 1439 572 1481 nunc
584 1429 629 1480 cst
644 1438 799 1482 66666666
815 1429 949 1483 creatam.

236 1505 390 1567 Praeterea
405 1507 429 1566 si
443 1507 498 1564 iam
510 1504 643 1585 perlecto
656 1521 778 1583 corpore
791 1505 874 1566 uobis

196 1590 292 1651 inferri
308 1590 419 1651 solitast
430 1590 513 1651 animi
524 1592 617 1649 vivata
628 1598 758 1668 potestas

194 1682 253 1735 tum
267 1692 330 1734 oum
341 1675 483 1753 gignimur
495 1682 524 1734 et
534 1675 609 1734 vitae
623 1691 688 1733 cum
699 1671 786 1733 limen
797 1675 916 1753 inimus,

128 1768 181 1823 680
191 1757 266 1820 baud
276 1761 314 1819 ita
328 1759 517 1820 conveniebat
528 1758 568 1818 uti
580 1776 644 1819 cum
657 1775 779 1836 corpore
794 1768 824 1819 et
838 1774 892 1817 una

195 1863 259 1906 oum
274 1844 408 1905 membris
423 1843 551 1904 videatur
562 1844 665 1923 inipso
679 1843 816 1920 sauguine
829 1860 948 1927 cresse,

195 1929 248 1990 sed
261 1927 380 1989 velutin
392 1944 543 2006 caveaper
554 1947 587 1987 se
602 1928 656 1987 sibi
670 1928 768 1986 viuere
781 1926 879 1986 solam.

196 2015 344 2092 [convenit
355 2023 386 2073 ut
399 2030 487 2073 sensu
501 2029 608 2089 corpus
621 2021 714 2072 tamen
724 2010 821 2073 affluat
834 2011 930 2091 omne]

196 2096 272 2176 quod
284 2096 346 2156 lieri
355 2104 445 2157 totum
458 2104 555 2155 contra
569 2094 717 2156 manifesta
729 2094 816 2156 docet
827 2114 890 2156 res:

130 2187 182 2243 686
194 2198 315 2258 namque
327 2181 365 2240 ita
376 2196 487 2240 conexa
498 2189 543 2240 est
556 2197 610 2259 per
620 2197 708 2240 venas
720 2180 833 2242 viscera
842 2197 949 2241 nervos

195 2282 337 2343 ossaque,
348 2265 389 2324 uti
401 2263 504 2326 dentes
516 2281 632 2343 quoquc
640 2282 731 2325 sensu
744 2267 964 2344 participantum

194 2365 307 2409 morsus
317 2357 347 2408 ut
359 2348 480 2426 indicat,
493 2357 523 2409 et
534 2347 640 2428 gelidai
652 2350 776 2427 stringor
785 2351 885 2428 aquai,

196 2438 227 2495 'et
239 2433 313 2512 lapis
326 2450 501 2512 oppressus,
516 2435 602 2495 subiit
615 2434 638 2494 si
651 2452 668 2493 e
683 2433 832 2512 frugibus,
847 2452 942 2515 asper.

195 2537 282 2596 quare
295 2520 378 2577 etiam
390 2527 476 2596 atquc
491 2519 576 2578 etiam
590 2535 685 2594 neque
699 2518 817 2596 originis
830 2537 898 2580 esse
909 2519 1092 2598 putandumst

131 2610 183 2664 690
195 2603 323 2680 expertis
334 2603 440 2662 animas
451 2620 506 2661 nec
518 2600 568 2661 leti
580 2601 647 2678 lege
660 2602 784 2663 solutas:

194 2704 258 2745 nam
269 2702 363 2762 neque
375 2692 454 2743 tanto
469 2700 560 2762 opere
572 2685 685 2746 adnecti
697 2688 826 2765 potuisse
839 2688 1022 2766 putandumst

196 2768 367 2846 corporibus
382 2770 487 2829 nostris
500 2771 679 2831 extrinsecus
690 2771 864 2850 insinuatas,

194 2870 266 2928 nec,
278 2861 335 2911 tam
347 2861 500 2912 contextae
516 2872 580 2914 cum
596 2855 668 2931 sint,
685 2855 765 2916 exire
777 2855 909 2918 videntur

194 2935 353 2997 incolumes
366 2952 453 3012 posse
467 2946 496 2998 et
507 2936 600 2999 salvas
613 2938 767 3001 exsolvere
782 2960 849 3003 sese

130 3028 182 3084 696
194 3020 324 3081 omnibus
336 3038 352 3079 e
365 3022 460 3081 nervis
470 3030 556 3101 atque
568 3023 683 3083 ossibus
694 3024 889 3103 articulisque.

194 3103 269 3184 quod
284 3107 308 3163 si
320 3103 396 3163 lorte
409 3115 491 3182 putas
503 3109 684 3169 extrinsecus
696 3109 862 3170 insinuatam
883 3121 886 3123 ’

195 3206 359 3266 permanare
371 3191 490 3250 animam
504 3191 587 3252 nobis
599 3209 652 3270 per
663 3193 788 3254 membra
802 3193 915 3274 solere,

193 3281 271 3333 tanto
287 3273 392 3353 quique
403 3277 494 3364 magis
510 3295 574 3336 oum
590 3293 713 3355 corpore
728 3277 790 3339 lusa
804 3280 923 3359 peribit:

194 3354 271 3435 quod
282 3368 428 3433 permanat
440 3361 514 3420 enim
527 3360 705 3438 dissolvitur,
721 3363 817 3426 interit
830 3381 910 3443 ergo.
956 3426 959 3433 ,

129 3446 181 3504 700
193 3440 358 3519 dispertitus
372 3444 447 3503 enim
460 3460 514 3522 per
526 3442 621 3505 caulas
634 3449 765 3524 corporis
777 3450 868 3513 omnis
