2288 3886
115 173 175 234 184
590 168 631 228 Vl

198 337 362 416 expediam,
379 334 453 415 quali
465 343 561 394 natura
573 336 697 413 praedita
712 344 853 396 constent.

134 432 186 485 tto
196 423 353 503 principio,
368 437 424 499 quo
435 418 550 480 Averna
561 430 698 479 vocantur
710 421 837 498 nomine,
850 419 923 479 iduh
936 439 967 479 re

197 507 393 585 inpositumst‚
407 505 470 582 quia
482 513 546 563 sunt
557 504 655 564 avibus
669 505 806 563 contraria
819 505 944 581 cunctis,

198 609 214 650 e
226 590 345 667 regione
358 606 391 647 ea
403 587 479 666 quod
490 587 554 646 loca
568 606 630 647 cunr
642 606 749 648 venere
760 587 908 665 volantes,

197 675 297 751 remigi
311 671 417 733 oblitae
428 690 581 751 pennarum
594 672 657 732 vela
669 674 828 748 remittunt,

199 759 431 836 praecipitesque
445 755 546 816 cadunt
558 756 635 815 molli
648 759 763 816 cervice
778 756 912 834 profusae

136 851 187 905 745
198 843 225 900 in
237 851 357 918 terram,
371 842 394 899 si
406 840 480 901 forte
493 843 530 900 ita
542 839 598 900 lert
610 850 707 900 natura
717 840 863 916 locorum,

199 936 245 986 aut
258 927 414 1003 inaquam,
429 927 453 984 si
466 923 540 984 forto
552 924 632 984 lacus
645 925 803 985 substratus
813 923 958 983 Avernist.

93 1078 97 1083 ⁴
198 1011 222 1070 is
234 1009 316 1068 locus
330 1018 374 1068 est
387 1006 488 1069 Cumas
502 1009 594 1087 apud,
608 1010 665 1067 acri
680 1007 798 1085 sulpure
809 1017 920 1068 montes

201 1092 310 1172 oppleti
324 1092 421 1153 calidis
435 1093 482 1152 ulri
494 1092 599 1152 fumant
615 1092 739 1153 lontibus
752 1095 842 1158 aucti;

200 1187 245 1238 est
259 1187 289 1237 ut
299 1176 454 1237 Athenaeis
466 1178 493 1236 in
504 1178 669 1252 moenibus,
682 1179 755 1237 arcis
768 1177 871 1254 inipso

136 1269 188 1324 750
201 1264 328 1339 vertice,
341 1260 461 1321 Palladis
474 1261 508 1321 ad
520 1261 655 1340 templum
668 1260 817 1320 Tritonidis
829 1258 935 1335 almae,

201 1364 257 1425 quo
268 1363 416 1424 numquam
427 1348 528 1423 pennis
541 1345 689 1424 appellunt
702 1362 823 1423 corpora
835 1361 937 1402 raucae

201 1432 349 1506 cornices,
362 1447 418 1490 nou
430 1448 493 1489 cum
507 1429 611 1489 fumant
621 1429 717 1489 altaria
728 1427 823 1488 donis:

201 1532 292 1592 usque
305 1513 376 1573 adeo
388 1512 507 1589 fugitant
518 1531 574 1573 non
586 1516 640 1573 iras
654 1512 773 1572 Palladis
786 1512 860 1571 acris

201 1595 334 1676 pervigili
346 1615 445 1672 causa,
462 1595 573 1656 Graium
585 1607 615 1656 ut
626 1600 759 1656 cecinero
772 1601 895 1675 poetae,

140 1687 189 1742 755
202 1681 255 1741 sed
266 1690 362 1740 natura
375 1679 432 1740 loci
444 1682 471 1740 vi
482 1682 545 1741 ibus
561 1681 651 1740 oidcit
662 1683 725 1759 ipsa
739 1688 849 1759 suapte.

201 1767 229 1824 in
241 1764 322 1841 Syria
337 1782 451 1843 quoque
463 1765 553 1826 fertur
564 1768 630 1825 item
641 1765 723 1826 locus
736 1784 803 1825 esse
818 1762 924 1838 videri,

202 1850 392 1928 quadripedes
405 1867 518 1928 quoque
533 1867 587 1929 quo
601 1850 681 1910 simul
693 1868 727 1909 ac
738 1849 860 1925 vestigia
872 1847 993 1925 primurn-

202 1934 362 2010 intulerint‚
375 1935 501 2010 graviter
510 1937 553 1995 vis
567 1943 651 2011 cogat
664 1933 815 1994 concidere
827 1934 906 2010 ipsa,

202 2018 328 2077 manibus
344 2027 373 2076 ut
385 2020 408 2077 si
422 2018 451 2077 lit
464 2017 533 2077 divis
545 2017 675 2078 mactatu'
688 2027 817 2094 repente.

139 2105 190 2161 760
204 2104 294 2159 omnia
306 2119 378 2178 quae
390 2102 507 2161 naturali
518 2104 625 2161 ratione
637 2111 790 2179 geruntur,

202 2193 232 2244 ct
244 2183 346 2262 quibus
358 2184 454 2244 eitiunt
467 2187 560 2246 causis
573 2195 692 2264 apparet
707 2188 804 2262 origo;

203 2268 282 2326 ianua
293 2285 329 2327 ne
343 2265 438 2328 Puteis
453 2267 519 2330 Orci
531 2270 696 2347 regionibus
708 2288 774 2329 csso

203 2351 350 2431 credatur,
363 2351 507 2430 posthinc
521 2356 624 2413 animas
636 2353 808 2414 Achemntis
818 2354 845 2410 in
857 2367 921 2410 oras

203 2434 310 2496 ducere
323 2435 397 2497 forte
410 2437 480 2497 deos
496 2440 583 2498 manis
596 2437 706 2497 inferno
716 2454 843 2512 reamur,

140 2523 190 2579 765
202 2519 316 2580 naribus
331 2520 459 2598 alipedes
471 2531 501 2581 ut
514 2523 591 2580 cervi
603 2539 691 2600 saepe
706 2530 838 2599 putantur

205 2602 310 2663 ducere
323 2603 358 2663 dc
370 2603 486 2664 latebris
498 2608 641 2683 serpentia
653 2605 748 2666 saecla
760 2605 890 2664 ferarum.

205 2685 281 2763 quod
297 2686 398 2764 procul
410 2705 425 2746 a
437 2706 505 2748 vera
517 2707 599 2766 quam
611 2692 647 2748 sit
658 2691 766 2749 ratione
777 2686 924 2766 repulsum

204 2771 338 2847 percipe:
352 2787 414 2828 nam
423 2770 458 2829 de
470 2790 501 2830 re
513 2790 587 2832 nunc
597 2774 659 2850 ipsa
671 2774 768 2832 dicere
782 2788 878 2832 conor.

246 2850 387 2932 Principio
399 2854 454 2913 hoc
467 2855 548 2931 dico,
562 2856 638 2934 quod
649 2856 705 2916 dixi
717 2874 806 2934 saepe
819 2871 933 2934 quoque
949 2860 1036 2927 ante,

140 2940 192 2996 770
203 2936 231 2994 in
242 2944 316 2996 terra
329 2938 466 3016 cuiusque
478 2939 552 2999 modi
564 2959 658 2999 rerum
670 2959 737 3001 csse
752 2940 873 3017 liguram

204 3019 306 3097 multa,
320 3023 384 3081 cibo
398 3034 562 3101 quaesunt,
575 3024 685 3100 vitalia,
699 3023 861 3101 multaque,
874 3021 991 3080 morbos

205 3105 332 3163 incutere
346 3114 374 3164 et
385 3116 503 3166 mortem
516 3126 588 3186 quae
600 3111 710 3186 possint
725 3107 900 3167 adcelerare.

205 3195 233 3246 et
245 3189 333 3264 magis
345 3208 412 3249 esse
424 3190 485 3250 aliis
494 3191 565 3252 alius
577 3193 760 3251 animantibus
771 3200 852 3269 aptas

206 3287 253 3330 res
265 3270 299 3329 ad
309 3273 374 3331 vitai
388 3277 525 3334 rationem
537 3275 710 3335 ostendimus
722 3285 786 3334 ante

143 3359 194 3414 iio
207 3364 325 3431 propter
335 3354 498 3417 dissimilem
508 3368 634 3420 naturam
647 3359 848 3437 dissimilisque

205 3447 332 3498 texturas
344 3440 416 3499 inter
426 3460 493 3501 sese
504 3445 667 3522 primasque
683 3443 796 3520 liguros.
