2288 3886
516 188 557 248 lv

121 373 243 416 cernere
256 363 429 432 coeperunt,
444 355 617 415 contendere
629 377 661 417 se
673 368 757 436 atque
770 375 886 436 parare,

48 473 51 477 ⁴
120 457 177 499 nee
189 440 250 499 sine
262 455 298 497 eo
312 438 372 497 iieri
383 456 471 517 posse
483 448 513 499 ιιι
526 458 671 501 cernamus
683 438 786 500 acute?

122 533 152 582 et
163 532 258 583 tamen
267 524 294 580 in
304 522 391 581 rebus
403 539 517 601 qnoque
529 525 635 601 apertis
647 542 770 585 noscere
781 529 896 605 possis,

122 609 147 668 si
158 624 214 666 non
225 605 354 666 advertas
366 608 501 683 animum,
513 606 632 684 proinde
644 627 711 669 esse
724 611 803 687 quasi
815 613 888 670 omni

52 703 110 756 810
120 701 251 769 tempore
263 698 402 749 semotum
414 688 497 750 inerit
509 689 653 769 longeque
663 701 810 752 remotum.

123 793 175 834 cur
185 776 270 849 igitur
279 775 422 850 mirumst,
434 776 539 834 animus
551 777 576 834 si
588 785 683 835 cetera
695 775 787 854 perdit

122 866 329 936 praeterquam
341 857 442 936 quibus
454 868 498 918 est
509 860 537 917 in
548 859 633 918 rebus
647 859 757 920 deditus
768 857 852 938 ipse?

124 940 227 1001 deinde
239 941 419 1019 adopinamur
431 940 466 1000 de
478 943 567 1018 signis
578 944 694 1003 maxima
706 946 816 1021 parvis,

123 1044 157 1085 ac
169 1043 221 1085 nos
232 1027 260 1083 in
272 1024 398 1084 fraudem
409 1025 546 1085 induimus
559 1026 743 1086 frustraminis
755 1029 819 1104 ipsi.
836 1024 849 1109 Η

56 1120 111 1173 815
164 1107 209 1168 uu
221 1126 335 1187 qnoque
345 1117 375 1168 ut
386 1108 525 1168 interdum
536 1127 591 1170 non
603 1110 800 1188 suppeditetur
811 1114 903 1188 imago

124 1192 253 1253 eiusdem
263 1194 395 1269 generis,
408 1191 460 1252 sed
471 1193 573 1256 [emina
585 1212 657 1273 quae
668 1193 719 1254 init
731 1203 811 1271 ante,

124 1276 289 1336 inmanibus
301 1278 393 1335 virnti
407 1276 498 1337 iactus
513 1276 642 1338 videatur
651 1278 771 1355 adesse,

125 1369 171 1420 ant
182 1359 235 1419 alia
247 1378 285 1420 ex
293 1358 347 1419 alia
359 1359 448 1421 facies
460 1370 595 1439 aetasque
606 1372 749 1440 sequatur.

126 1445 201 1522 quod
215 1463 251 1504 ne
262 1445 394 1502 miremur
405 1440 493 1523 sopor
503 1455 587 1524 atque
601 1445 704 1506 oblivia
717 1456 821 1507 curant.

58 1540 113 1593 820
153 1525 166 1605 Η
179 1526 253 1587 lllud
263 1530 291 1587 in
302 1527 346 1587 his
358 1528 444 1588 rebus
455 1531 552 1589 vitium
564 1541 712 1591 vementes
722 1549 836 1591 avemus

124 1623 153 1673 te
166 1612 314 1690 effugere,
328 1629 453 1672 errorem
465 1615 611 1692 vitareque
624 1623 868 1694 praemetuenter,

123 1697 226 1757 lumina
236 1715 272 1756 ne
283 1695 370 1756 iacias
384 1696 531 1756 oculorum
543 1697 618 1758 clara
635 1708 747 1777 creata,

124 1782 292 1861 prospicere
303 1789 333 1840 ιιι
344 1798 513 1860 possemus,
527 1790 556 1840 et
566 1791 596 1840 nt
607 1781 736 1859 proferre
750 1800 882 1859 queamus

123 1880 262 1944 proceros
275 1882 393 1946 passus,
406 1863 471 1923 ideo
484 1864 595 1942 fastigia
606 1882 694 1942 posse

59 1959 112 2014 825
123 1966 249 2010 surarum
257 1966 291 2007 ac
303 1947 436 2008 feminum
447 1948 568 2027 pedibus
581 1948 693 2008 tundata
706 1946 821 2026 plicari,

124 2033 239 2094 brachia
250 2041 307 2090 tum
317 2050 404 2110 porro
419 2032 519 2093 validis
531 2051 568 2093 ex
580 2043 643 2111 apta
656 2032 772 2093 lacertis

124 2136 192 2177 esse
203 2134 358 2194 manusque
371 2117 447 2176 datas
459 2126 577 2196 utraque
591 2137 630 2178 eac
643 2126 723 2197 parte
734 2118 891 2194 ministras,

123 2210 153 2261 ut
165 2200 262 2259 facere
273 2200 307 2259 ad
319 2201 403 2260 vitam
415 2217 565 2280 poss-emus
578 2220 649 2279 quae
663 2202 738 2262 foret
749 2220 826 2263 usus.

125 2294 222 2345 cetera
237 2284 272 2342 de
284 2303 392 2361 genere
403 2284 459 2345 hoc
471 2287 543 2344 inter
555 2302 749 2363 quaecumque
762 2294 922 2363 protantur,

58 2379 113 2433 830
124 2370 214 2428 omnia
225 2386 363 2446 perversa
373 2378 558 2447 praepostera
569 2376 633 2427 sunt
645 2370 772 2444 ratione,

123 2452 162 2512 nii
173 2451 239 2511 ideo
250 2455 379 2529 quoniam
389 2461 509 2513 natumst
520 2454 548 2511 in
560 2469 682 2531 corpore
693 2460 722 2511 ut
735 2453 774 2510 nti

124 2554 293 2615 possemne,
306 2535 359 2595 sed
371 2535 446 2615 quod
457 2544 577 2597 natumst
588 2535 616 2595 id
627 2544 759 2615 procreat
772 2552 860 2594 usum.

123 2637 179 2679 nec
191 2620 243 2679 fuit
254 2630 318 2680 ante
329 2621 426 2680 videre
440 2620 586 2681 oculorum
598 2620 700 2680 lumina
712 2629 822 2696 natum,

123 2722 178 2763 nec
190 2703 272 2764 dictis
284 2721 364 2764 orare
378 2707 456 2783 prius
469 2724 550 2784 qnam
559 2704 654 2783 lingua
667 2713 804 2781 creatast,

58 2797 111 2851 835
124 2787 176 2848 sed
188 2790 283 2867 potius
295 2788 381 2865 longe
394 2788 506 2866 linguae
517 2791 676 2868 praecessit
688 2791 769 2867 origo

124 2887 302 2949 sermonem,
315 2872 460 2951 multoque
474 2883 584 2932 creatae
600 2881 663 2932 sunt
674 2876 752 2951 prins
768 2891 850 2932 aures

124 2974 206 3034 quam
220 2974 306 3016 sonus
321 2967 365 3017 est
377 2955 503 3034 auditus,
516 2966 545 3016 et
562 2959 653 3015 omnia
666 2956 788 3035 denique
800 2956 923 3015 membra

123 3051 188 3101 ante
203 3040 300 3118 inere,
313 3050 343 3100 ut
356 3042 472 3118 opinor,
485 3058 583 3099 eorum
596 3057 677 3118 quam
691 3040 765 3099 foret
777 3057 862 3098 usus:

123 3124 196 3184 haud
208 3126 292 3200 igitur
305 3134 425 3203 potuere
437 3123 532 3184 utendi
545 3142 680 3184 crescere
693 3142 786 3183 causa.

59 3215 111 3270 ato
126 3217 153 3267 at
167 3218 264 3268 eontra
275 3208 405 3268 conterre
417 3227 497 3267 manu
510 3210 659 3268 certamina
670 3225 782 3286 pugnae

123 3300 152 3350 et
163 3290 293 3352 lacerare
304 3301 381 3352 artus
394 3292 569 3370 foedareque
581 3291 705 3351 membra
718 3307 819 3350 cruore

123 3385 187 3436 ante
199 3375 250 3435 tuit
261 3375 348 3434 multo
360 3395 442 3454 quam
453 3375 546 3435 lucida
558 3373 615 3434 tela
626 3373 772 3452 volarent,

123 3468 153 3520 et
163 3457 265 3520 volnus
281 3461 369 3520 vitare
380 3463 457 3539 prius
469 3469 565 3521 natura
577 3461 675 3536 coegit

81 3545 238 3600 Lucnnrrns.
855 3543 876 3604 8
