2288 3886
144 352 284 434 quodnisi
296 350 440 414 declinare
456 351 601 429 solerent,
615 354 706 413 omnia
717 352 867 431 deorsum,

141 438 239 498 imbris
252 437 294 497 uti
307 444 422 515 guttae,
436 435 570 496 caderent
581 453 634 514 per
646 435 727 496 inane
741 436 926 518 profundum,

142 541 197 583 nec
209 520 286 582 iuret
296 519 424 582 oiiensus
435 528 517 580 natus
527 538 583 580 nec
596 518 680 598 plaga
692 530 786 581 creata

142 606 307 687 principiis:
318 605 358 665 ita
369 603 409 664 nil
420 621 551 684 umquam
562 613 660 664 natura
672 613 810 666 creasset.

87 700 131 754 225
184 688 269 764 Quod
282 689 307 750 si
319 687 395 749 iortc
406 687 507 767 aliquis
522 687 612 748 credit
625 689 756 766 graviora
767 697 886 770 potesse

143 791 283 854 corpora,
299 789 357 852 quo
370 772 452 834 citius
464 781 573 832 rectum
585 772 730 851 perinane
742 772 885 851 feruntur,

33 862 36 895 ²
140 857 268 919 incidere
282 874 321 918 cx
332 872 440 936 supero
451 855 623 933 levioribus,
639 865 725 935 atque
736 857 774 918 ita
786 855 886 937 plagas

141 944 282 1021 gignere,
296 958 370 1021 quae
381 942 494 1020 possint
504 940 635 1019 genitalis
646 939 768 1001 reddere
782 952 892 1019 motus,

140 1027 220 1088 avius
231 1043 248 1085 a
258 1042 328 1085 vera
339 1023 426 1103 longe
439 1025 548 1085 ratione
559 1023 679 1084 recedit.

82 1118 130 1174 2³0
139 1127 203 1171 nam
214 1127 269 1189 per
278 1126 366 1188 aquas
379 1125 575 1188 quaecumque
588 1107 689 1169 cudunt
702 1117 787 1187 atque
799 1115 866 1170 adra
877 1127 987 1191 rarum,

139 1193 212 1256 hacc
225 1210 279 1273 pro
289 1191 464 1272 ponderibus
477 1210 560 1253 casus
573 1190 701 1253 celerare
714 1201 867 1254 necessest

140 1287 296 1358 propterca
307 1276 372 1356 quia
385 1294 489 1355 corpus
504 1294 593 1356 aquae
606 1285 760 1356 naturaque
775 1279 867 1337 tenvis

140 1364 216 1422 atris
231 1360 297 1421 huot
308 1370 429 1440 posenni
440 1379 531 1439 aeque
542 1378 604 1421 rern
615 1379 755 1440 querque
765 1364 884 1440 morari,

140 1444 193 1507 sed
204 1445 289 1506 citius
303 1443 407 1505 cedunt
419 1444 595 1523 gravioribus
608 1454 791 1524 exsuperata:

79 1537 128 1592 235
141 1539 170 1591 at
182 1537 281 1589 contra
290 1527 362 1587 nulli
373 1527 409 1588 dc
419 1526 495 1588 nulia
506 1539 586 1608 parte
597 1547 692 1609 nequo
706 1528 766 1591 uilo

138 1623 271 1692 tempore
283 1612 365 1672 inane
377 1620 474 1691 potest
485 1631 603 1673 vacuurn
616 1614 773 1675 subsistere
787 1616 847 1693 rei,

139 1698 224 1777 quin,
240 1712 291 1757 suu
305 1694 488 1775 quodnatnra
498 1698 588 1775 petit,
605 1696 766 1758 concedere
778 1709 893 1777 pergen

140 1781 232 1842 omnia
244 1787 420 1859 quapropter
429 1779 535 1841 dehent
545 1799 599 1860 per
609 1783 691 1842 inune
703 1784 827 1858 quietum

140 1882 233 1944 ucque
247 1862 422 1943 ponderibus
436 1881 493 1924 non
506 1866 605 1943 aequis
618 1866 729 1924 concita
743 1865 819 1924 ferri.

79 1957 128 2012 240
141 1948 216 2010 haud
229 1949 318 2026 igitur
327 1955 462 2027 poterunt
473 1947 629 2008 levioribus
642 1946 768 2008 incidere
782 1965 910 2027 umquam

140 2051 177 2094 ex
188 2050 297 2112 supero
308 2034 455 2111 grauiora,
469 2051 565 2112 neque
578 2033 652 2095 ictus
665 2033 785 2110 gignere
797 2051 851 2112 per
862 2053 911 2112 ue,

140 2119 188 2197 qui
199 2119 309 2177 varient
323 2126 433 2196 motus,
445 2135 499 2196 per
511 2135 583 2197 quos
595 2126 692 2178 natura
705 2127 786 2196 gerat
797 2136 855 2179 res.

141 2219 228 2281 quare
241 2203 324 2263 etium
335 2211 421 2280 atque
434 2201 517 2262 etium
529 2200 642 2281 paulum
651 2201 787 2263 inclinare
800 2213 952 2264 necessest

142 2302 277 2365 corpora;
288 2303 344 2345 neo
358 2285 423 2364 plns
439 2303 521 2364 quanr
533 2288 690 2364 minimum,
700 2305 739 2345 ne
752 2288 861 2365 fingere
873 2297 965 2348 motus

80 2375 127 2431 ads
141 2368 274 2449 obliquos
285 2368 430 2429 videamur
442 2379 471 2431 et
481 2369 510 2430 id
521 2389 569 2432 res
583 2388 651 2429 veru
663 2368 777 2429 refutet.

139 2470 259 2532 numque
271 2453 328 2514 hoc
339 2455 510 2535 inpromptu
527 2452 763 2532 manifestumque
775 2470 842 2512 esse
856 2451 1002 2531 videmus,

140 2536 286 2616 pondera,
302 2547 434 2618 quantum
448 2540 476 2598 in
490 2557 523 2599 sc
538 2547 602 2616 est,
618 2555 674 2598 non
685 2554 774 2616 posse
787 2533 902 2616 obliqua
913 2553 1025 2618 meurs,

141 2638 295 2699 exsupero
309 2639 373 2681 cum
387 2625 589 2702 praecipitant,
602 2622 678 2702 quod
689 2639 808 2702 eernere
821 2621 931 2701 possis:

139 2703 191 2766 scd
201 2703 241 2765 nil
256 2707 368 2767 omnino
378 2709 463 2767 uuida
476 2709 595 2785 regione
607 2708 661 2768 viai

82 2795 129 2850 250
142 2787 286 2850 declinare
299 2791 362 2869 quis
375 2785 420 2852 dst
433 2793 480 2871 qui
492 2794 583 2871 possit
599 2809 718 2852 cernere
732 2788 855 2851 sensus?

181 2872 315 2952 Denique
327 2875 352 2934 si
364 2892 480 2955 semper
492 2885 585 2937 motus
598 2876 758 2936 conectitur
772 2877 861 2937 omnis

140 2967 169 3020 et
179 2967 281 3019 uetere
294 2959 421 3020 exoritur
431 2979 552 3038 semper
563 2977 654 3021 novus
666 2957 765 3020 ordine
779 2969 877 3038 certo,

139 3061 195 3103 nec
206 3041 376 3103 declinando
388 3042 494 3106 iaciunt
505 3045 655 3124 primordia
665 3051 757 3104 motus

139 3128 309 3206 principium
321 3125 477 3206 quoddam,
493 3129 569 3208 quod
583 3129 632 3190 iuti
646 3127 764 3189 ioederu
775 3137 904 3207 rumpat,

81 3214 127 3272 ibt
142 3228 179 3272 ex
188 3211 296 3272 iniinito
307 3229 344 3271 ne
357 3229 469 3273 causam
481 3231 566 3275 causa
578 3221 729 3292 sequatur,

139 3293 230 3357 libera
240 3313 294 3376 per
304 3303 396 3356 terras
410 3296 484 3358 unde
495 3297 568 3358 haec
583 3296 766 3357 animantibus
779 3303 888 3373 exstat,

140 3378 215 3441 unde
231 3389 276 3441 est
289 3378 380 3457 haec,
392 3381 520 3459 inquam,
534 3380 598 3442 ictis
611 3379 709 3443 avolsa
722 3387 870 3458 potestas,

139 3480 288 3544 perquam
300 3463 498 3544 progredimur
509 3481 566 3544 quo
579 3464 655 3526 ducit
666 3479 808 3544 quemque
818 3462 966 3542 voluntas,
