2288 3886
114 165 177 231 104
589 166 630 230 lv

240 334 422 413 Denique'nil
434 336 500 396 seiri
512 336 602 413 siquis
614 344 709 413 putat,
721 334 750 394 id
761 352 875 413 quoque
889 337 984 402 nesbit

198 438 234 480 nn
248 421 315 480 seiri
328 420 436 496 possit,
450 419 581 496 quoniam
591 418 630 477 nil
642 420 717 478 seire
729 418 841 479 fatetur.

199 504 275 563 huno
289 503 375 579 igitur
386 513 485 562 eontra
500 504 606 561 mittam
620 501 794 562 contendere
808 521 941 582 oausam,

134 592 186 647 470
199 588 246 667 qui
258 588 351 664 eapite
364 587 427 664 ipse
437 604 488 646 sua
499 587 526 644 iu
538 587 633 645 statuit
647 588 769 663 vestigia
783 605 860 646 sese.

199 679 331 731 ettamen
345 670 401 730 hoo
413 686 528 748 quoque
538 671 577 729 uti
590 669 745 729 concedam
757 672 849 748 seire,
862 680 890 731 at
898 671 927 731 id
938 674 1035 751 ipsum

200 770 348 833 quaeram,
363 771 427 813 oum
437 756 465 812 in
477 753 563 813 rebus
575 754 637 812 veri
653 752 691 812 nil
703 753 806 837 viderit
818 764 900 832 aute,

198 837 274 897 unde
286 839 356 897 sciat
368 837 435 916 quid
447 839 482 898 sit
494 839 569 897 seire
582 846 611 896 et
628 838 741 897 neseire
752 839 895 916 vicissim,
924 842 929 851 ’

198 922 324 982 notitiam
335 923 396 981 veri
408 938 481 999 quae
492 940 540 980 res
554 919 676 999 falsique
689 923 809 999 crearit,

134 1012 186 1066 475
198 1014 227 1065 et
239 1004 353 1064 dubium
368 1014 448 1065 serto
461 1022 593 1082 quaeres
605 1004 719 1065 differre
731 1006 865 1083 probarit.

199 1090 327 1149 invenies
343 1090 440 1167 primis
454 1089 489 1149 ab
503 1089 635 1150 sensibus
646 1108 714 1150 esse
728 1098 851 1150 ereetum

199 1174 327 1234 notitiem
336 1174 414 1249 veri,
427 1190 521 1250 neque
534 1191 637 1233 sensus
650 1190 738 1252 posse
754 1172 848 1234 reielii

200 1275 262 1318 nam
273 1259 379 1317 maiore
390 1256 446 1317 iide
460 1257 547 1316 debet
560 1257 714 1335 reperirier
724 1255 810 1335 illud,

200 1350 304 1421 sponte
316 1359 366 1402 sua
377 1343 455 1402 veris
467 1340 543 1419 quod
555 1343 647 1419 possit
658 1343 774 1401 vincere
786 1340 871 1401 ialsa:

135 1432 187 1487 480
201 1424 268 1504 quid
278 1426 383 1484 maiore
396 1425 451 1484 iide
462 1441 548 1503 porro
560 1442 643 1503 quam
657 1444 759 1485 sensus
770 1424 869 1486 haberi

201 1504 309 1569 debet?
320 1525 355 1568 an
366 1508 401 1568 ab
413 1527 500 1570 sensu
515 1507 588 1569 ialso
600 1510 671 1569 ratio
684 1519 745 1569 orta
756 1508 863 1570 valebit

200 1593 298 1653 dioere
310 1609 363 1652 eos
374 1600 488 1670 eontra,
501 1610 574 1671 quae
587 1601 645 1651 tota
655 1593 690 1653 ab
702 1594 835 1653 sensibus
850 1603 911 1654 orta
922 1592 992 1655 est?

201 1678 247 1756 qui
259 1677 313 1736 nisi
325 1685 390 1737 sunt
404 1677 481 1753 veri,
492 1678 564 1737 ratio
578 1694 692 1755 quoque
704 1676 775 1738 falsa
786 1679 817 1738 iit
828 1679 927 1738 omnis.

199 1779 235 1822 an
246 1768 379 1840 poterunt
391 1760 494 1823 oeulos
505 1779 588 1821 aures
600 1760 832 1840 reprehendere,
844 1779 878 1821 an
889 1780 972 1824 aures

135 1854 186 1908 485
198 1842 312 1907 taetus?
323 1863 357 1906 an
366 1845 442 1906 hune
456 1863 541 1924 porro
553 1855 659 1906 tautum
670 1863 755 1925 sapor
765 1854 866 1923 arguet
878 1848 952 1924 oris,

198 1948 233 1991 an
246 1930 429 1991 ooniutabunt
442 1948 525 1990 nares
538 1928 650 1990 oculive
662 1926 831 1990 revincent?

199 2033 272 2092 uon,
289 2023 319 2074 ut
334 2017 452 2093 opinor,
465 2016 503 2074 ita
515 2023 568 2073 est.
581 2032 644 2072 nam
657 2031 789 2074 seorsum
800 2015 902 2092 cuique
914 2024 1048 2093 potestas

200 2097 333 2175 divisast,
346 2114 397 2157 sue
407 2099 452 2157 vis
461 2099 614 2175 'cuiquest,
627 2095 750 2175 ideoque
761 2114 886 2158 neeesse
899 2108 943 2159 est

200 2188 230 2241 et
244 2180 320 2259 quod
333 2179 420 2240 molle
434 2182 471 2240 sit
482 2191 511 2241 et
523 2180 648 2257 gelidum
660 2180 813 2242 fervensve
826 2199 957 2244 seorsum

135 2273 189 2328 490
200 2273 230 2326 et
241 2281 373 2326 seorsum
384 2265 478 2325 varios
490 2283 584 2324 rerum
596 2265 703 2326 sentire
716 2264 848 2342 colores,

200 2357 230 2410 et
241 2367 438 2428 quaecumque
450 2348 589 2409 coloribu’
601 2350 657 2410 sint
670 2351 819 2411 eoniuneta
830 2349 943 2410 videre:

200 2451 317 2497 seorsus
329 2436 398 2494 item
411 2450 497 2512 sapor
512 2434 569 2494 oris
581 2434 666 2494 babet
677 2435 751 2511 vim,
764 2450 881 2494 seorsus
893 2434 1001 2496 odores

198 2527 368 2596 naseuntur,
381 2535 495 2579 sorsum
507 2519 625 2578 sonitus.
641 2516 764 2596 ideoque
776 2535 900 2577 neeesse
912 2528 957 2578 est

198 2603 375 2681 nonpossint
386 2600 458 2661 alios
470 2599 517 2660 alii
529 2603 701 2661 eonvinoere
712 2620 824 2662 sensus.

135 2695 254 2749 sesnes
266 2702 352 2764 porro
367 2693 502 2762 poterunt
514 2684 569 2761 ipsi
582 2683 794 2763 reprehendere
807 2704 891 2763 sese,

198 2787 289 2846 aequa
301 2767 371 2828 fides
384 2768 514 2844 quoniam
525 2766 642 2828 debebit
651 2786 768 2846 semper
778 2769 885 2828 haberi.

199 2850 318 2931 proinde
333 2849 410 2929 quod
421 2853 449 2909 in
461 2861 604 2929 quoquest
615 2851 659 2912 his
671 2855 763 2912 visum
775 2861 921 2931 tempore,
934 2863 1074 2914 verumst.

200 2947 229 2997 et
241 2937 266 2998 si
277 2953 333 2996 non
343 2937 449 3014 poterit
461 2937 531 2995 ratio
544 2934 705 2996 dissolvere
717 2954 846 3014 eausam,

200 3039 250 3080 cur
261 3039 296 3082 ea
308 3038 381 3099 quae
393 3018 496 3080 fuerint
507 3021 604 3079 iuxtim
615 3019 763 3100 quadrata,
778 3019 880 3099 prooul
891 3023 947 3081 sint

135 3104 405 3181 substernenda,
418 3112 510 3164 tamen
522 3112 648 3183 praestat
659 3106 775 3167 rationis
786 3114 920 3181 egentem

197 3188 320 3250 reddere
331 3189 467 3248 mendose
481 3206 580 3248 causas
591 3190 736 3265 utriusque
750 3188 876 3266 figurae,

199 3291 281 3353 quam
293 3273 420 3335 manibus
435 3272 583 3332 manifesta
594 3274 652 3332 suis
664 3274 794 3332 emittere
806 3289 947 3352 quoquam

197 3367 227 3419 et
241 3356 349 3417 violare
362 3356 445 3417 iidem
457 3357 573 3433 primam
586 3364 614 3414 et
626 3353 792 3415 convellere
803 3365 863 3417 tota

197 3441 376 3502 fundamenta
388 3440 491 3519 quibus
503 3441 612 3499 nixatur
622 3440 679 3499 vita
693 3438 839 3518 salusque.
