2288 3886
129 189 172 254 86
408 198 411 203 ’
617 186 643 254 tl

216 376 292 419 nune
304 357 332 418 id
344 355 420 437 quod
432 366 568 437 superest
582 356 618 416 de
631 354 754 414 motibus
771 354 967 434 expediemus.
981 359 996 440 Η

258 439 341 502 Nune
352 439 435 503 locus
447 451 509 519 est,
520 451 551 502 ut
563 441 680 520 opinor,
694 439 722 498 in
734 437 779 502 bis
791 437 862 500 iliud
876 457 992 520 quoque
1003 441 1095 505 rebus

153 535 204 590 185
219 525 386 587 confirmare
395 525 463 604 tibi,
478 525 582 587 nullam
592 541 654 585 reru
667 540 757 603 posse
770 541 821 585 sua
831 525 859 584 ri

218 627 387 690 corpoream
399 627 510 672 sursum
522 609 591 671 ferri
602 625 770 688 sursumque
783 625 895 678 meacm

217 713 254 755 ne
266 694 317 755 tibi
329 692 396 754 dent
407 695 435 753 in
450 712 486 755 eo
501 693 670 756 flammarum
683 709 804 771 corpora
818 691 955 754 fraudem.

218 796 316 840 sursus
328 777 403 837 enim
416 796 518 840 versus
529 779 683 856 gignuntur
693 786 722 837 et
734 776 864 854 augmina
874 785 988 837 sumunt

218 871 247 924 et
258 879 370 923 sursum
381 862 486 924 nitidae
496 861 596 939 fruges
608 862 779 940 arbustaque
792 871 944 939 crescunt,

154 955 207 1010 190
220 945 357 1026 pondera,
371 954 503 1026 quantum
515 947 543 1006 in
555 964 589 1006 se
602 955 658 1022 est,
672 962 736 1005 cum
744 943 877 1004 deorsum
884 954 987 1007 cuncta
998 946 1134 1014 ferantur.

215 1049 271 1092 neo
286 1047 350 1091 cum
363 1028 514 1093 subsiliunt
525 1031 608 1108 igues
619 1028 655 1089 od
666 1037 742 1090 tecta
755 1027 901 1089 domomm

216 1123 246 1176 et
258 1112 347 1175 celeri
360 1113 468 1176 flamma
482 1113 633 1192 degustant
647 1114 724 1191 tigna
737 1112 909 1191 trabesque,

217 1208 321 1278 sponte
333 1216 384 1259 sua
398 1198 495 1259 iacere
506 1197 535 1258 id
549 1199 611 1259 sine
621 1199 650 1256 vi
662 1197 802 1258 subeunte
816 1195 970 1276 putandum
981 1208 1036 1261 est.

219 1281 295 1363 quod
307 1301 398 1360 genus
410 1291 472 1358 est,
484 1291 582 1342 nostro
595 1299 659 1341 oum
672 1283 776 1342 missus
789 1296 912 1359 corpore
926 1285 1044 1361 sanguis

155 1373 205 1429 195
221 1366 323 1427 emicat
334 1365 463 1426 exultans
476 1364 533 1426 aite
545 1366 710 1444 spargitque
723 1382 862 1426 cruorem.

217 1467 311 1511 nonne
324 1449 406 1510 vides
420 1451 506 1510 etiam
517 1458 619 1528 quanta
629 1451 658 1509 vi
671 1450 748 1527 tigna
762 1448 916 1527 trabesque

216 1542 334 1613 respuat
345 1550 426 1593 umor
436 1530 545 1612 aquae?
561 1551 624 1593 nam
637 1551 694 1612 quo
706 1534 795 1612 magis
806 1533 927 1595 ursimus
939 1533 996 1597 alte

218 1617 332 1678 deiecta
344 1627 373 1678 et
383 1634 483 1695 magna
495 1617 523 1677 vi
538 1617 617 1677 multi
628 1619 784 1697 pressimus
796 1634 902 1695 aegre,

216 1712 273 1762 tam
285 1700 387 1780 cupide
399 1719 510 1764 sursum
520 1703 640 1763 revomit
650 1702 739 1780 magis
751 1711 836 1781 atque
847 1703 979 1782 remittit,

152 1795 205 1849 200
217 1784 282 1865 plus
297 1796 327 1846 ut
340 1794 421 1866 parte
436 1785 512 1847 iorae
525 1795 672 1865 emergant
685 1785 866 1865 exibantque.

217 1888 273 1931 nee
286 1879 380 1932 tamen
392 1869 481 1949 haec,
495 1879 627 1950 quantum
638 1871 720 1932 estin
733 1889 784 1947 se,
798 1869 973 1950 dubitamus,
988 1873 1111 1956 opinor,

217 1956 283 2033 quin
293 1972 413 2015 uacuum
424 1972 477 2033 per
491 1956 573 2015 inane
583 1953 718 2016 deorsum
730 1963 832 2014 cuncta
842 1953 975 2016 ferantur.

217 2039 357 2116 sicigitur
371 2037 477 2098 debent
489 2036 614 2098 dammae
626 2055 741 2118 quoque
753 2054 843 2117 posse
855 2056 909 2117 per
919 2057 1001 2102 auras

215 2122 292 2182 atris
304 2138 460 2201 expressae
475 2139 586 2181 sursum
596 2121 774 2200 succedere,
789 2140 955 2202 quamquam

153 2213 205 2267 205
219 2203 363 2284 pondera,
375 2214 507 2284 quantum
518 2206 546 2264 in
557 2224 591 2267 ce
603 2215 664 2285 est,
681 2206 819 2267 detersus
837 2205 943 2268 ducere
955 2218 1095 2288 pugnent

216 2298 427 2369 nocturnasque
437 2287 517 2351 faces
533 2288 623 2369 cneii,
636 2289 756 2352 sublime
767 2289 905 2368 volantis,

215 2391 310 2436 nonne
320 2373 402 2436 vides
414 2372 517 2452 longos
529 2373 698 2436 flammarum
709 2375 815 2436 ducere
826 2383 933 2436 tractus

215 2459 244 2518 in
256 2477 450 2539 quascumque
462 2458 539 2520 dedit
550 2460 636 2538 partis
647 2467 744 2522 natura
754 2455 897 2519 meatum?

215 2560 273 2603 non
285 2542 387 2604 eadere
398 2543 427 2603 in
438 2551 541 2604 terram
555 2542 655 2604 stellas
667 2552 696 2604 et
710 2543 803 2604 sidera
818 2539 932 2605 cernis?

151 2634 204 2689 alo
217 2625 261 2687 sol
273 2627 357 2686 etiam
369 2627 449 2686 coeii
460 2625 496 2685 de
507 2628 616 2686 vertice
629 2625 747 2706 dissipat
759 2629 848 2688 omnis

215 2709 345 2769 ardorem
354 2709 383 2769 in
395 2711 482 2788 partis
498 2718 527 2769 et
538 2708 642 2771 lumine
657 2712 782 2773 conserit
792 2729 872 2772 arva:

215 2795 244 2853 in
256 2803 347 2854 terras
359 2794 445 2872 igitur
458 2811 572 2873 quoque
583 2793 654 2856 solis
665 2797 793 2874 vergitur
804 2794 896 2855 ardor.

214 2885 452 2958 transversosque
465 2876 563 2940 volare
574 2898 628 2958 per
638 2879 735 2941 imbris
745 2878 860 2940 fulmina
875 2881 987 2960 cernis,

214 2979 289 3021 nunc
302 2961 367 3022 binc
378 2980 453 3023 nuno
466 2961 544 3024 illino
555 2964 666 3044 abrupti
677 2964 799 3024 nubibus
810 2965 893 3042 ignes

150 3055 202 3108 215
214 3055 396 3108 concursant:
411 3045 484 3107 cadit
495 3048 523 3107 in
534 3058 625 3110 terras
635 3049 680 3109 vis
691 3049 819 3111 flammea
826 3047 924 3127 volgo.

256 3129 330 3191 lliud
340 3132 369 3192 in
379 3129 424 3192 his
439 3149 553 3212 quoquo
565 3141 594 3194 te
607 3133 693 3194 rebus
707 3150 888 3211 cognoscere
901 3150 1036 3212 avenam,

214 3231 336 3294 oorporu
348 3234 412 3276 cum
422 3214 556 3278 deorsum
567 3225 678 3277 rectum
691 3218 835 3296 perinane
848 3217 994 3297 feruntur,

213 3298 387 3376 ponderibus
400 3301 524 3379 propriis
535 3302 645 3362 incerto
659 3310 790 3382 tempore
803 3301 895 3364 forme

213 3384 388 3464 incertisque
402 3383 460 3444 loci
473 3386 573 3464 spatiis
586 3384 734 3447 decellere
744 3385 875 3466 paulum,

148 3476 201 3529 tto
214 3474 319 3528 tantum
332 3468 408 3548 quod
420 3485 533 3530 momen
542 3477 676 3531 mutatum
690 3470 788 3532 dicere
802 3472 907 3550 possis.
