<?xml version="1.0" encoding="UTF-8"?>
<!DOCTYPE html PUBLIC "-//W3C//DTD XHTML 1.0 Transitional//EN"
    "http://www.w3.org/TR/xhtml1/DTD/xhtml1-transitional.dtd">
<html xmlns="http://www.w3.org/1999/xhtml" xml:lang="en" lang="en">
 <head>
  <title>
</title>
<meta http-equiv="Content-Type" content="text/html;charset=utf-8" />
  <meta name='ocr-system' content='tesseract 3.04.00' />
  <meta name='ocr-capabilities' content='ocr_page ocr_carea ocr_par ocr_line ocrx_word'/>
</head>
<body>
  <div class='ocr_page' id='page_1' title='image "./tlucreticarider07carugoog_0200.png"; bbox 0 0 2288 3886; ppageno 0'>
   <div class='ocr_carea' id='block_1_1' title="bbox 117 186 636 252">
    <p class='ocr_par' dir='ltr' id='par_1_1' title="bbox 117 186 636 252">
     <span class='ocr_line' id='line_1_1' title="bbox 117 186 636 252; baseline -0.008 0"><span class='ocrx_word' id='word_1_1' title='bbox 117 188 176 252; x_wconf 79' lang='lat'>180</span> <span class='ocrx_word' id='word_1_2' title='bbox 596 186 636 248; x_wconf 86' lang='lat' dir='ltr'>vl</span> 
     </span>
    </p>
   </div>
   <div class='ocr_carea' id='block_1_2' title="bbox 132 355 1009 3544">
    <p class='ocr_par' dir='ltr' id='par_1_2' title="bbox 132 355 1009 3544">
     <span class='ocr_line' id='line_1_2' title="bbox 197 355 830 417; baseline -0.005 0"><span class='ocrx_word' id='word_1_3' title='bbox 197 356 333 417; x_wconf 78' lang='lat' dir='ltr'><strong>disturbat</strong></span> <span class='ocrx_word' id='word_1_4' title='bbox 345 357 432 416; x_wconf 90' lang='lat' dir='ltr'>urbes</span> <span class='ocrx_word' id='word_1_5' title='bbox 444 365 473 416; x_wconf 90' lang='lat' dir='ltr'>et</span> <span class='ocrx_word' id='word_1_6' title='bbox 484 367 577 416; x_wconf 91' lang='lat' dir='ltr'>terrae</span> <span class='ocrx_word' id='word_1_7' title='bbox 589 365 683 416; x_wconf 91' lang='lat' dir='ltr'>motus</span> <span class='ocrx_word' id='word_1_8' title='bbox 695 355 830 416; x_wconf 89' lang='lat' dir='ltr'>obortus:</span> 
     </span>
     <span class='ocr_line' id='line_1_3' title="bbox 195 440 920 519; baseline -0.003 -19"><span class='ocrx_word' id='word_1_9' title='bbox 195 440 340 519; x_wconf 85' lang='lat' dir='ltr'>multaque</span> <span class='ocrx_word' id='word_1_10' title='bbox 353 449 501 518; x_wconf 90' lang='lat' dir='ltr'>praeterea</span> <span class='ocrx_word' id='word_1_11' title='bbox 515 440 680 500; x_wconf 82' lang='lat' dir='ltr'>oeciderunt</span> <span class='ocrx_word' id='word_1_12' title='bbox 689 441 799 498; x_wconf 88' lang='lat' dir='ltr'>moenia</span> <span class='ocrx_word' id='word_1_13' title='bbox 810 440 920 517; x_wconf 75' lang='lat' dir='ltr'>magnis</span> 
     </span>
     <span class='ocr_line' id='line_1_4' title="bbox 195 523 910 602; baseline -0.001 -19"><span class='ocrx_word' id='word_1_14' title='bbox 195 526 318 584; x_wconf 90' lang='lat' dir='ltr'>motibus</span> <span class='ocrx_word' id='word_1_15' title='bbox 330 525 357 582; x_wconf 93' lang='lat' dir='ltr'>in</span> <span class='ocrx_word' id='word_1_16' title='bbox 369 525 471 601; x_wconf 86' lang='lat' dir='ltr'>terris,</span> <span class='ocrx_word' id='word_1_17' title='bbox 483 533 512 584; x_wconf 91' lang='lat' dir='ltr'>et</span> <span class='ocrx_word' id='word_1_18' title='bbox 523 523 627 584; x_wconf 87' lang='lat' dir='ltr'>multae</span> <span class='ocrx_word' id='word_1_19' title='bbox 638 541 693 601; x_wconf 92' lang='lat' dir='ltr'>per</span> <span class='ocrx_word' id='word_1_20' title='bbox 701 541 778 582; x_wconf 90' lang='lat' dir='ltr'>mare</span> <span class='ocrx_word' id='word_1_21' title='bbox 791 541 910 602; x_wconf 83' lang='lat' dir='ltr'>pessum</span> 
     </span>
     <span class='ocr_line' id='line_1_5' title="bbox 132 607 853 687; baseline -0.012 -13"><span class='ocrx_word' id='word_1_22' title='bbox 132 618 186 674; x_wconf 78' lang='lat'>⁶90</span> <span class='ocrx_word' id='word_1_23' title='bbox 196 607 356 671; x_wconf 77' lang='lat' dir='ltr'>subsedere</span> <span class='ocrx_word' id='word_1_24' title='bbox 369 609 428 668; x_wconf 91' lang='lat' dir='ltr'>suis</span> <span class='ocrx_word' id='word_1_25' title='bbox 439 609 546 687; x_wconf 92' lang='lat' dir='ltr'>pariter</span> <span class='ocrx_word' id='word_1_26' title='bbox 558 625 622 668; x_wconf 89' lang='lat' dir='ltr'>eum</span> <span class='ocrx_word' id='word_1_27' title='bbox 633 607 743 667; x_wconf 86' lang='lat' dir='ltr'>eiribus</span> <span class='ocrx_word' id='word_1_28' title='bbox 755 608 853 668; x_wconf 90' lang='lat' dir='ltr'>urbes.</span> 
     </span>
     <span class='ocr_line' id='line_1_6' title="bbox 197 691 963 772; baseline 0 -21"><span class='ocrx_word' id='word_1_29' title='bbox 197 691 339 772; x_wconf 90' lang='lat' dir='ltr'>quodnisi</span> <span class='ocrx_word' id='word_1_30' title='bbox 351 694 526 771; x_wconf 78' lang='lat' dir='ltr'>prorumpit,</span> <span class='ocrx_word' id='word_1_31' title='bbox 544 700 637 752; x_wconf 89' lang='lat' dir='ltr'>tamen</span> <span class='ocrx_word' id='word_1_32' title='bbox 648 693 771 770; x_wconf 87' lang='lat' dir='ltr'>impetus</span> <span class='ocrx_word' id='word_1_33' title='bbox 786 692 850 770; x_wconf 92' lang='lat' dir='ltr'>ipse</span> <span class='ocrx_word' id='word_1_34' title='bbox 862 693 963 752; x_wconf 88' lang='lat' dir='ltr'>animai</span> 
     </span>
     <span class='ocr_line' id='line_1_7' title="bbox 197 774 879 854; baseline -0.003 -18"><span class='ocrx_word' id='word_1_35' title='bbox 197 786 227 837; x_wconf 93' lang='lat' dir='ltr'>et</span> <span class='ocrx_word' id='word_1_36' title='bbox 241 777 302 836; x_wconf 86' lang='lat' dir='ltr'>fera</span> <span class='ocrx_word' id='word_1_37' title='bbox 314 777 357 836; x_wconf 87' lang='lat' dir='ltr'>vis</span> <span class='ocrx_word' id='word_1_38' title='bbox 369 778 445 836; x_wconf 87' lang='lat' dir='ltr'>venti</span> <span class='ocrx_word' id='word_1_39' title='bbox 457 794 511 854; x_wconf 94' lang='lat' dir='ltr'>per</span> <span class='ocrx_word' id='word_1_40' title='bbox 526 777 626 837; x_wconf 87' lang='lat' dir='ltr'>erebra</span> <span class='ocrx_word' id='word_1_41' title='bbox 638 774 773 835; x_wconf 83' lang='lat' dir='ltr'>feramina</span> <span class='ocrx_word' id='word_1_42' title='bbox 784 784 879 835; x_wconf 89' lang='lat' dir='ltr'>terrae</span> 
     </span>
     <span class='ocr_line' id='line_1_8' title="bbox 199 858 928 939; baseline -0.003 -19"><span class='ocrx_word' id='word_1_43' title='bbox 199 860 365 939; x_wconf 79' lang='lat' dir='ltr'>dispertitur</span> <span class='ocrx_word' id='word_1_44' title='bbox 376 869 405 920; x_wconf 91' lang='lat' dir='ltr'>ut</span> <span class='ocrx_word' id='word_1_45' title='bbox 415 860 517 920; x_wconf 91' lang='lat' dir='ltr'>borror</span> <span class='ocrx_word' id='word_1_46' title='bbox 528 870 557 921; x_wconf 92' lang='lat' dir='ltr'>et</span> <span class='ocrx_word' id='word_1_47' title='bbox 568 861 669 919; x_wconf 80' lang='lat' dir='ltr'><strong>incutit</strong></span> <span class='ocrx_word' id='word_1_48' title='bbox 683 858 747 918; x_wconf 87' lang='lat' dir='ltr'>inde</span> <span class='ocrx_word' id='word_1_49' title='bbox 759 868 928 928; x_wconf 70' lang='lat' dir='ltr'>tremorem</span> 
     </span>
     <span class='ocr_line' id='line_1_9' title="bbox 196 945 908 1024; baseline 0.004 -22"><span class='ocrx_word' id='word_1_50' title='bbox 196 945 287 1021; x_wconf 80' lang='lat' dir='ltr'>frigus</span> <span class='ocrx_word' id='word_1_51' title='bbox 300 947 339 1003; x_wconf 90' lang='lat' dir='ltr'>uti</span> <span class='ocrx_word' id='word_1_52' title='bbox 356 954 469 1005; x_wconf 91' lang='lat' dir='ltr'>nostros</span> <span class='ocrx_word' id='word_1_53' title='bbox 482 946 595 1024; x_wconf 91' lang='lat' dir='ltr'>penitus</span> <span class='ocrx_word' id='word_1_54' title='bbox 610 962 672 1003; x_wconf 89' lang='lat' dir='ltr'>eum</span> <span class='ocrx_word' id='word_1_55' title='bbox 683 945 801 1004; x_wconf 88' lang='lat' dir='ltr'>venitin</span> <span class='ocrx_word' id='word_1_56' title='bbox 814 954 908 1021; x_wconf 81' lang='lat' dir='ltr'>artum,</span> 
     </span>
     <span class='ocr_line' id='line_1_10' title="bbox 135 1030 937 1107; baseline -0.007 -15"><span class='ocrx_word' id='word_1_57' title='bbox 135 1038 186 1092; x_wconf 83' lang='lat'>595</span> <span class='ocrx_word' id='word_1_58' title='bbox 199 1030 325 1088; x_wconf 78' lang='lat' dir='ltr'>concutit</span> <span class='ocrx_word' id='word_1_59' title='bbox 337 1030 441 1089; x_wconf 87' lang='lat' dir='ltr'>invitos</span> <span class='ocrx_word' id='word_1_60' title='bbox 455 1046 564 1106; x_wconf 77' lang='lat' dir='ltr'>cogens</span> <span class='ocrx_word' id='word_1_61' title='bbox 575 1039 699 1089; x_wconf 89' lang='lat' dir='ltr'>tremere</span> <span class='ocrx_word' id='word_1_62' title='bbox 711 1036 799 1107; x_wconf 89' lang='lat' dir='ltr'>atque</span> <span class='ocrx_word' id='word_1_63' title='bbox 810 1045 937 1088; x_wconf 84' lang='lat' dir='ltr'>movere.</span> 
     </span>
     <span class='ocr_line' id='line_1_11' title="bbox 198 1112 859 1192; baseline 0 -19"><span class='ocrx_word' id='word_1_64' title='bbox 198 1114 314 1191; x_wconf 82' lang='lat' dir='ltr'>ancipiti</span> <span class='ocrx_word' id='word_1_65' title='bbox 325 1112 466 1192; x_wconf 92' lang='lat' dir='ltr'>trepidant</span> <span class='ocrx_word' id='word_1_66' title='bbox 477 1114 563 1191; x_wconf 81' lang='lat' dir='ltr'>igitur</span> <span class='ocrx_word' id='word_1_67' title='bbox 574 1122 685 1173; x_wconf 90' lang='lat' dir='ltr'>terrore</span> <span class='ocrx_word' id='word_1_68' title='bbox 700 1130 754 1191; x_wconf 95' lang='lat' dir='ltr'>per</span> <span class='ocrx_word' id='word_1_69' title='bbox 764 1113 859 1188; x_wconf 87' lang='lat' dir='ltr'>urbis,</span> 
     </span>
     <span class='ocr_line' id='line_1_12' title="bbox 197 1196 948 1276; baseline 0 -20"><span class='ocrx_word' id='word_1_70' title='bbox 197 1205 274 1256; x_wconf 81' lang='lat' dir='ltr'>tecta</span> <span class='ocrx_word' id='word_1_71' title='bbox 286 1216 410 1276; x_wconf 84' lang='lat' dir='ltr'>superne</span> <span class='ocrx_word' id='word_1_72' title='bbox 421 1199 537 1274; x_wconf 89' lang='lat' dir='ltr'>timent,</span> <span class='ocrx_word' id='word_1_73' title='bbox 549 1205 677 1258; x_wconf 91' lang='lat' dir='ltr'>metuunt</span> <span class='ocrx_word' id='word_1_74' title='bbox 688 1196 799 1256; x_wconf 81' lang='lat' dir='ltr'>inferne</span> <span class='ocrx_word' id='word_1_75' title='bbox 812 1213 948 1257; x_wconf 77' lang='lat' dir='ltr'>cavernas</span> 
     </span>
     <span class='ocr_line' id='line_1_13' title="bbox 198 1280 739 1359; baseline 0 -19"><span class='ocrx_word' id='word_1_76' title='bbox 198 1283 283 1340; x_wconf 89' lang='lat' dir='ltr'>terrai</span> <span class='ocrx_word' id='word_1_77' title='bbox 294 1299 331 1341; x_wconf 87' lang='lat' dir='ltr'>ue</span> <span class='ocrx_word' id='word_1_78' title='bbox 343 1280 481 1342; x_wconf 90' lang='lat' dir='ltr'>dissoluat</span> <span class='ocrx_word' id='word_1_79' title='bbox 491 1291 589 1342; x_wconf 88' lang='lat' dir='ltr'>natura</span> <span class='ocrx_word' id='word_1_80' title='bbox 601 1290 739 1359; x_wconf 81' lang='lat' dir='ltr'>repente,</span> 
     </span>
     <span class='ocr_line' id='line_1_14' title="bbox 198 1363 837 1444; baseline 0 -21"><span class='ocrx_word' id='word_1_81' title='bbox 198 1382 254 1424; x_wconf 90' lang='lat' dir='ltr'>neu</span> <span class='ocrx_word' id='word_1_82' title='bbox 267 1363 402 1426; x_wconf 82' lang='lat' dir='ltr'>distracta</span> <span class='ocrx_word' id='word_1_83' title='bbox 413 1365 559 1427; x_wconf 89' lang='lat' dir='ltr'>suumlate</span> <span class='ocrx_word' id='word_1_84' title='bbox 571 1364 718 1444; x_wconf 83' lang='lat' dir='ltr'>dispandat</span> <span class='ocrx_word' id='word_1_85' title='bbox 731 1364 837 1425; x_wconf 89' lang='lat' dir='ltr'>hiatum</span> 
     </span>
     <span class='ocr_line' id='line_1_15' title="bbox 132 1449 837 1528; baseline -0.006 -16"><span class='ocrx_word' id='word_1_86' title='bbox 132 1459 184 1512; x_wconf 83' lang='lat'>600</span> <span class='ocrx_word' id='word_1_87' title='bbox 194 1458 279 1526; x_wconf 90' lang='lat' dir='ltr'>atque</span> <span class='ocrx_word' id='word_1_88' title='bbox 291 1451 350 1509; x_wconf 89' lang='lat' dir='ltr'>suis</span> <span class='ocrx_word' id='word_1_89' title='bbox 366 1450 485 1510; x_wconf 87' lang='lat' dir='ltr'>eoniusa</span> <span class='ocrx_word' id='word_1_90' title='bbox 496 1450 567 1511; x_wconf 87' lang='lat' dir='ltr'>velit</span> <span class='ocrx_word' id='word_1_91' title='bbox 582 1449 729 1528; x_wconf 85' lang='lat' dir='ltr'>complere</span> <span class='ocrx_word' id='word_1_92' title='bbox 740 1451 837 1510; x_wconf 89' lang='lat' dir='ltr'>ruinis.</span> 
     </span>
     <span class='ocr_line' id='line_1_16' title="bbox 197 1531 965 1612; baseline 0.001 -22"><span class='ocrx_word' id='word_1_93' title='bbox 197 1531 317 1612; x_wconf 88' lang='lat' dir='ltr'>proinde</span> <span class='ocrx_word' id='word_1_94' title='bbox 328 1531 398 1593; x_wconf 85' lang='lat' dir='ltr'>lieet</span> <span class='ocrx_word' id='word_1_95' title='bbox 413 1537 538 1612; x_wconf 85' lang='lat' dir='ltr'>quamvis</span> <span class='ocrx_word' id='word_1_96' title='bbox 556 1534 667 1595; x_wconf 88' lang='lat' dir='ltr'>eaelum</span> <span class='ocrx_word' id='word_1_97' title='bbox 678 1543 838 1612; x_wconf 88' lang='lat' dir='ltr'>terramque</span> <span class='ocrx_word' id='word_1_98' title='bbox 850 1542 965 1594; x_wconf 82' lang='lat' dir='ltr'>reantur</span> 
     </span>
     <span class='ocr_line' id='line_1_17' title="bbox 198 1617 834 1694; baseline 0.003 -19"><span class='ocrx_word' id='word_1_99' title='bbox 198 1617 363 1694; x_wconf 86' lang='lat' dir='ltr'>incorrupta</span> <span class='ocrx_word' id='word_1_100' title='bbox 376 1618 440 1677; x_wconf 87' lang='lat' dir='ltr'>fore</span> <span class='ocrx_word' id='word_1_101' title='bbox 452 1626 586 1678; x_wconf 88' lang='lat' dir='ltr'>aeternae</span> <span class='ocrx_word' id='word_1_102' title='bbox 597 1618 724 1678; x_wconf 90' lang='lat' dir='ltr'>mandata</span> <span class='ocrx_word' id='word_1_103' title='bbox 736 1617 834 1678; x_wconf 87' lang='lat' dir='ltr'>saluti:</span> 
     </span>
     <span class='ocr_line' id='line_1_18' title="bbox 198 1702 876 1781; baseline 0.001 -21"><span class='ocrx_word' id='word_1_104' title='bbox 198 1707 228 1760; x_wconf 89' lang='lat' dir='ltr'>et</span> <span class='ocrx_word' id='word_1_105' title='bbox 239 1709 332 1759; x_wconf 90' lang='lat' dir='ltr'>tamen</span> <span class='ocrx_word' id='word_1_106' title='bbox 343 1702 483 1761; x_wconf 88' lang='lat' dir='ltr'>interdum</span> <span class='ocrx_word' id='word_1_107' title='bbox 493 1720 632 1781; x_wconf 86' lang='lat' dir='ltr'>praesens</span> <span class='ocrx_word' id='word_1_108' title='bbox 644 1704 688 1762; x_wconf 89' lang='lat' dir='ltr'>vis</span> <span class='ocrx_word' id='word_1_109' title='bbox 699 1705 761 1781; x_wconf 87' lang='lat' dir='ltr'>ipsa</span> <span class='ocrx_word' id='word_1_110' title='bbox 774 1702 876 1781; x_wconf 82' lang='lat' dir='ltr'>pericli</span> 
     </span>
     <span class='ocr_line' id='line_1_19' title="bbox 198 1782 962 1866; baseline 0.003 -22"><span class='ocrx_word' id='word_1_111' title='bbox 198 1782 293 1844; x_wconf 86' lang='lat' dir='ltr'>subdit</span> <span class='ocrx_word' id='word_1_112' title='bbox 304 1784 396 1844; x_wconf 90' lang='lat' dir='ltr'>adhue</span> <span class='ocrx_word' id='word_1_113' title='bbox 408 1784 550 1846; x_wconf 92' lang='lat' dir='ltr'>stimulum</span> <span class='ocrx_word' id='word_1_114' title='bbox 561 1786 680 1866; x_wconf 90' lang='lat' dir='ltr'>quadam</span> <span class='ocrx_word' id='word_1_115' title='bbox 695 1786 731 1846; x_wconf 92' lang='lat' dir='ltr'>de</span> <span class='ocrx_word' id='word_1_116' title='bbox 744 1796 824 1864; x_wconf 89' lang='lat' dir='ltr'>parte</span> <span class='ocrx_word' id='word_1_117' title='bbox 836 1787 962 1863; x_wconf 80' lang='lat' dir='ltr'>timoris,</span> 
     </span>
     <span class='ocr_line' id='line_1_20' title="bbox 134 1867 853 1950; baseline -0.006 -17"><span class='ocrx_word' id='word_1_118' title='bbox 134 1878 185 1933; x_wconf 84' lang='lat'>605</span> <span class='ocrx_word' id='word_1_119' title='bbox 199 1886 235 1927; x_wconf 89' lang='lat' dir='ltr'>ne</span> <span class='ocrx_word' id='word_1_120' title='bbox 248 1867 369 1946; x_wconf 89' lang='lat' dir='ltr'>pedibus</span> <span class='ocrx_word' id='word_1_121' title='bbox 381 1873 480 1950; x_wconf 88' lang='lat' dir='ltr'>raptim</span> <span class='ocrx_word' id='word_1_122' title='bbox 490 1871 576 1932; x_wconf 89' lang='lat' dir='ltr'>tellus</span> <span class='ocrx_word' id='word_1_123' title='bbox 590 1871 733 1932; x_wconf 89' lang='lat' dir='ltr'>subtracta</span> <span class='ocrx_word' id='word_1_124' title='bbox 746 1871 853 1930; x_wconf 81' lang='lat' dir='ltr'>feratur</span> 
     </span>
     <span class='ocr_line' id='line_1_21' title="bbox 197 1953 964 2034; baseline 0.003 -23"><span class='ocrx_word' id='word_1_125' title='bbox 197 1954 226 2011; x_wconf 92' lang='lat' dir='ltr'>in</span> <span class='ocrx_word' id='word_1_126' title='bbox 238 1953 413 2030; x_wconf 82' lang='lat' dir='ltr'>barathrum,</span> <span class='ocrx_word' id='word_1_127' title='bbox 426 1973 577 2032; x_wconf 84' lang='lat' dir='ltr'>rerumque</span> <span class='ocrx_word' id='word_1_128' title='bbox 591 1965 727 2034; x_wconf 88' lang='lat' dir='ltr'>sequatur</span> <span class='ocrx_word' id='word_1_129' title='bbox 737 1953 848 2033; x_wconf 84' lang='lat' dir='ltr'>prodite</span> <span class='ocrx_word' id='word_1_130' title='bbox 859 1972 964 2015; x_wconf 88' lang='lat' dir='ltr'>summa</span> 
     </span>
     <span class='ocr_line' id='line_1_22' title="bbox 198 2035 779 2114; baseline 0.007 -21"><span class='ocrx_word' id='word_1_131' title='bbox 198 2035 339 2114; x_wconf 83' lang='lat' dir='ltr'>funditus,</span> <span class='ocrx_word' id='word_1_132' title='bbox 357 2047 386 2097; x_wconf 92' lang='lat' dir='ltr'>et</span> <span class='ocrx_word' id='word_1_133' title='bbox 399 2039 444 2098; x_wconf 83' lang='lat' dir='ltr'>fiat</span> <span class='ocrx_word' id='word_1_134' title='bbox 456 2039 548 2098; x_wconf 90' lang='lat' dir='ltr'>mundi</span> <span class='ocrx_word' id='word_1_135' title='bbox 561 2039 679 2100; x_wconf 81' lang='lat' dir='ltr'>confusa</span> <span class='ocrx_word' id='word_1_136' title='bbox 691 2040 779 2098; x_wconf 88' lang='lat' dir='ltr'>ruina.</span> 
     </span>
     <span class='ocr_line' id='line_1_23' title="bbox 242 2117 952 2202; baseline 0.003 -23"><span class='ocrx_word' id='word_1_137' title='bbox 242 2117 256 2202; x_wconf 81' lang='grc' dir='ltr'>Η</span> <span class='ocrx_word' id='word_1_138' title='bbox 270 2120 414 2199; x_wconf 82' lang='lat' dir='ltr'>Principio</span> <span class='ocrx_word' id='word_1_139' title='bbox 429 2139 505 2183; x_wconf 91' lang='lat' dir='ltr'>mare</span> <span class='ocrx_word' id='word_1_140' title='bbox 516 2125 649 2183; x_wconf 89' lang='lat' dir='ltr'>mirantur</span> <span class='ocrx_word' id='word_1_141' title='bbox 661 2140 718 2182; x_wconf 90' lang='lat' dir='ltr'>nnn</span> <span class='ocrx_word' id='word_1_142' title='bbox 731 2121 852 2182; x_wconf 90' lang='lat' dir='ltr'>reddere</span> <span class='ocrx_word' id='word_1_143' title='bbox 864 2122 952 2181; x_wconf 90' lang='lat' dir='ltr'>maius</span> 
     </span>
     <span class='ocr_line' id='line_1_24' title="bbox 199 2205 879 2285; baseline 0.001 -24"><span class='ocrx_word' id='word_1_144' title='bbox 199 2214 340 2281; x_wconf 85' lang='lat' dir='ltr'>naturam,</span> <span class='ocrx_word' id='word_1_145' title='bbox 355 2222 411 2283; x_wconf 91' lang='lat' dir='ltr'>quo</span> <span class='ocrx_word' id='word_1_146' title='bbox 424 2207 461 2265; x_wconf 91' lang='lat' dir='ltr'>sit</span> <span class='ocrx_word' id='word_1_147' title='bbox 472 2216 564 2267; x_wconf 91' lang='lat' dir='ltr'>tantus</span> <span class='ocrx_word' id='word_1_148' title='bbox 578 2205 716 2267; x_wconf 78' lang='lat' dir='ltr'>decursus</span> <span class='ocrx_word' id='word_1_149' title='bbox 729 2222 879 2285; x_wconf 83' lang='lat' dir='ltr'>aquarum,</span> 
     </span>
     <span class='ocr_line' id='line_1_25' title="bbox 134 2289 843 2369; baseline -0.008 -17"><span class='ocrx_word' id='word_1_150' title='bbox 134 2297 186 2352; x_wconf 88' lang='grc'>610</span> <span class='ocrx_word' id='word_1_151' title='bbox 200 2289 291 2348; x_wconf 88' lang='lat' dir='ltr'>omnia</span> <span class='ocrx_word' id='word_1_152' title='bbox 303 2306 360 2366; x_wconf 93' lang='lat' dir='ltr'>quo</span> <span class='ocrx_word' id='word_1_153' title='bbox 371 2291 484 2350; x_wconf 89' lang='lat' dir='ltr'>veniant</span> <span class='ocrx_word' id='word_1_154' title='bbox 496 2292 618 2351; x_wconf 82' lang='lat' dir='ltr'>exomni</span> <span class='ocrx_word' id='word_1_155' title='bbox 630 2291 742 2350; x_wconf 86' lang='lat' dir='ltr'>flumina</span> <span class='ocrx_word' id='word_1_156' title='bbox 754 2300 843 2369; x_wconf 88' lang='lat' dir='ltr'>parte.</span> 
     </span>
     <span class='ocr_line' id='line_1_26' title="bbox 199 2372 902 2454; baseline -0.001 -22"><span class='ocrx_word' id='word_1_157' title='bbox 199 2372 271 2433; x_wconf 91' lang='lat' dir='ltr'>adde</span> <span class='ocrx_word' id='word_1_158' title='bbox 284 2391 374 2450; x_wconf 80' lang='lat' dir='ltr'>vagos</span> <span class='ocrx_word' id='word_1_159' title='bbox 386 2374 482 2435; x_wconf 90' lang='lat' dir='ltr'>imbris</span> <span class='ocrx_word' id='word_1_160' title='bbox 497 2385 742 2454; x_wconf 88' lang='lat' dir='ltr'>tempestatesque</span> <span class='ocrx_word' id='word_1_161' title='bbox 754 2373 902 2447; x_wconf 80' lang='lat' dir='ltr'>volantes,</span> 
     </span>
     <span class='ocr_line' id='line_1_27' title="bbox 200 2458 987 2537; baseline 0.001 -22"><span class='ocrx_word' id='word_1_162' title='bbox 200 2459 291 2516; x_wconf 90' lang='lat' dir='ltr'>omnia</span> <span class='ocrx_word' id='word_1_163' title='bbox 304 2474 376 2535; x_wconf 91' lang='lat' dir='ltr'>quae</span> <span class='ocrx_word' id='word_1_164' title='bbox 388 2460 472 2518; x_wconf 89' lang='lat' dir='ltr'>maria</span> <span class='ocrx_word' id='word_1_165' title='bbox 483 2477 517 2518; x_wconf 89' lang='lat' dir='ltr'>ae</span> <span class='ocrx_word' id='word_1_166' title='bbox 529 2469 619 2520; x_wconf 91' lang='lat' dir='ltr'>terras</span> <span class='ocrx_word' id='word_1_167' title='bbox 632 2469 825 2537; x_wconf 79' lang='lat' dir='ltr'>sparguntque</span> <span class='ocrx_word' id='word_1_168' title='bbox 837 2458 987 2535; x_wconf 82' lang='lat' dir='ltr'>rigantque</span> 
     </span>
     <span class='ocr_line' id='line_1_28' title="bbox 199 2539 964 2603; baseline -0.005 -1"><span class='ocrx_word' id='word_1_169' title='bbox 199 2539 270 2602; x_wconf 88' lang='lat' dir='ltr'>adde</span> <span class='ocrx_word' id='word_1_170' title='bbox 284 2558 352 2601; x_wconf 89' lang='lat' dir='ltr'>suos</span> <span class='ocrx_word' id='word_1_171' title='bbox 364 2541 449 2602; x_wconf 83' lang='lat' dir='ltr'>fontis</span> <span class='ocrx_word' id='word_1_172' title='bbox 459 2565 466 2603; x_wconf 93' lang='lat'>:</span> <span class='ocrx_word' id='word_1_173' title='bbox 478 2552 571 2603; x_wconf 92' lang='lat' dir='ltr'>tamen</span> <span class='ocrx_word' id='word_1_174' title='bbox 582 2543 616 2602; x_wconf 90' lang='lat' dir='ltr'>ad</span> <span class='ocrx_word' id='word_1_175' title='bbox 628 2545 712 2603; x_wconf 90' lang='lat' dir='ltr'>maris</span> <span class='ocrx_word' id='word_1_176' title='bbox 724 2545 815 2603; x_wconf 87' lang='lat' dir='ltr'>emnia</span> <span class='ocrx_word' id='word_1_177' title='bbox 830 2558 964 2602; x_wconf 89' lang='lat' dir='ltr'>summam</span> 
     </span>
     <span class='ocr_line' id='line_1_29' title="bbox 200 2626 818 2704; baseline 0.003 -20"><span class='ocrx_word' id='word_1_178' title='bbox 200 2627 288 2702; x_wconf 80' lang='lat' dir='ltr'>guttai</span> <span class='ocrx_word' id='word_1_179' title='bbox 301 2626 349 2683; x_wconf 85' lang='lat' dir='ltr'>rix</span> <span class='ocrx_word' id='word_1_180' title='bbox 360 2627 449 2686; x_wconf 85' lang='lat' dir='ltr'>instar</span> <span class='ocrx_word' id='word_1_181' title='bbox 461 2636 542 2686; x_wconf 92' lang='lat' dir='ltr'>erunt</span> <span class='ocrx_word' id='word_1_182' title='bbox 554 2629 635 2687; x_wconf 92' lang='lat' dir='ltr'>unius</span> <span class='ocrx_word' id='word_1_183' title='bbox 647 2627 818 2704; x_wconf 75' lang='lat' dir='ltr'>adaugmem</span> 
     </span>
     <span class='ocr_line' id='line_1_30' title="bbox 136 2710 1009 2788; baseline -0.002 -18"><span class='ocrx_word' id='word_1_184' title='bbox 136 2717 187 2770; x_wconf 82' lang='grc'>615</span> <span class='ocrx_word' id='word_1_185' title='bbox 202 2726 258 2787; x_wconf 91' lang='lat' dir='ltr'>quo</span> <span class='ocrx_word' id='word_1_186' title='bbox 269 2710 360 2768; x_wconf 90' lang='lat' dir='ltr'>minus</span> <span class='ocrx_word' id='word_1_187' title='bbox 371 2718 416 2768; x_wconf 90' lang='lat' dir='ltr'>est</span> <span class='ocrx_word' id='word_1_188' title='bbox 427 2710 525 2767; x_wconf 87' lang='lat' dir='ltr'>mirum</span> <span class='ocrx_word' id='word_1_189' title='bbox 540 2729 616 2770; x_wconf 91' lang='lat' dir='ltr'>mare</span> <span class='ocrx_word' id='word_1_190' title='bbox 628 2727 686 2772; x_wconf 87' lang='lat' dir='ltr'>non</span> <span class='ocrx_word' id='word_1_191' title='bbox 696 2729 856 2788; x_wconf 79' lang='lat' dir='ltr'>augescere</span> <span class='ocrx_word' id='word_1_192' title='bbox 869 2726 1009 2786; x_wconf 74' lang='lat' dir='ltr'>magnum,</span> 
     </span>
     <span class='ocr_line' id='line_1_31' title="bbox 200 2793 907 2872; baseline 0.003 -23"><span class='ocrx_word' id='word_1_193' title='bbox 200 2800 350 2870; x_wconf 85' lang='lat' dir='ltr'>praeterea</span> <span class='ocrx_word' id='word_1_194' title='bbox 360 2809 486 2869; x_wconf 85' lang='lat' dir='ltr'>magnam</span> <span class='ocrx_word' id='word_1_195' title='bbox 499 2793 543 2853; x_wconf 89' lang='lat' dir='ltr'>soi</span> <span class='ocrx_word' id='word_1_196' title='bbox 557 2804 664 2872; x_wconf 85' lang='lat' dir='ltr'>partem</span> <span class='ocrx_word' id='word_1_197' title='bbox 682 2795 803 2855; x_wconf 89' lang='lat' dir='ltr'>detrabit</span> <span class='ocrx_word' id='word_1_198' title='bbox 817 2802 907 2854; x_wconf 87' lang='lat' dir='ltr'>aestu.</span> 
     </span>
     <span class='ocr_line' id='line_1_32' title="bbox 201 2875 897 2954; baseline 0.009 -21"><span class='ocrx_word' id='word_1_199' title='bbox 201 2876 308 2954; x_wconf 92' lang='lat' dir='ltr'>quippe</span> <span class='ocrx_word' id='word_1_200' title='bbox 320 2875 448 2937; x_wconf 88' lang='lat' dir='ltr'>videmus</span> <span class='ocrx_word' id='word_1_201' title='bbox 462 2878 535 2936; x_wconf 94' lang='lat' dir='ltr'>enim</span> <span class='ocrx_word' id='word_1_202' title='bbox 547 2881 637 2939; x_wconf 88' lang='lat' dir='ltr'>vestis</span> <span class='ocrx_word' id='word_1_203' title='bbox 649 2896 747 2939; x_wconf 91' lang='lat' dir='ltr'>umore</span> <span class='ocrx_word' id='word_1_204' title='bbox 759 2877 897 2939; x_wconf 89' lang='lat' dir='ltr'>madentis</span> 
     </span>
     <span class='ocr_line' id='line_1_33' title="bbox 201 2960 801 3023; baseline 0.007 -5"><span class='ocrx_word' id='word_1_205' title='bbox 201 2961 349 3020; x_wconf 80' lang='lat' dir='ltr'>exsiccare</span> <span class='ocrx_word' id='word_1_206' title='bbox 361 2962 419 3022; x_wconf 88' lang='lat' dir='ltr'>suis</span> <span class='ocrx_word' id='word_1_207' title='bbox 431 2960 515 3022; x_wconf 90' lang='lat' dir='ltr'>radiis</span> <span class='ocrx_word' id='word_1_208' title='bbox 526 2962 682 3022; x_wconf 87' lang='lat' dir='ltr'>ardentibu&#39;</span> <span class='ocrx_word' id='word_1_209' title='bbox 695 2962 801 3023; x_wconf 90' lang='lat' dir='ltr'>solem:</span> 
     </span>
     <span class='ocr_line' id='line_1_34' title="bbox 200 3043 860 3122; baseline 0.002 -20"><span class='ocrx_word' id='word_1_210' title='bbox 200 3053 227 3103; x_wconf 91' lang='lat' dir='ltr'>at</span> <span class='ocrx_word' id='word_1_211' title='bbox 239 3043 344 3122; x_wconf 81' lang='lat' dir='ltr'>pelage</span> <span class='ocrx_word' id='word_1_212' title='bbox 355 3044 441 3105; x_wconf 85' lang='lat' dir='ltr'>multa</span> <span class='ocrx_word' id='word_1_213' title='bbox 455 3055 483 3106; x_wconf 94' lang='lat' dir='ltr'>et</span> <span class='ocrx_word' id='word_1_214' title='bbox 498 3044 555 3106; x_wconf 93' lang='lat' dir='ltr'>late</span> <span class='ocrx_word' id='word_1_215' title='bbox 567 3047 709 3106; x_wconf 89' lang='lat' dir='ltr'>substrata</span> <span class='ocrx_word' id='word_1_216' title='bbox 722 3048 860 3107; x_wconf 87' lang='lat' dir='ltr'>videmus.</span> 
     </span>
     <span class='ocr_line' id='line_1_35' title="bbox 136 3127 923 3209; baseline 0 -21"><span class='ocrx_word' id='word_1_217' title='bbox 136 3135 187 3188; x_wconf 78' lang='grc' dir='ltr'>6ἳο</span> <span class='ocrx_word' id='word_1_218' title='bbox 202 3128 320 3205; x_wconf 90' lang='lat' dir='ltr'>proinde</span> <span class='ocrx_word' id='word_1_219' title='bbox 331 3127 400 3188; x_wconf 87' lang='lat' dir='ltr'>lieet</span> <span class='ocrx_word' id='word_1_220' title='bbox 413 3131 538 3207; x_wconf 89' lang='lat' dir='ltr'>quamvis</span> <span class='ocrx_word' id='word_1_221' title='bbox 551 3149 588 3189; x_wconf 88' lang='lat' dir='ltr'>ex</span> <span class='ocrx_word' id='word_1_222' title='bbox 601 3147 656 3189; x_wconf 92' lang='lat' dir='ltr'>uno</span> <span class='ocrx_word' id='word_1_223' title='bbox 672 3148 787 3209; x_wconf 93' lang='lat' dir='ltr'>quoque</span> <span class='ocrx_word' id='word_1_224' title='bbox 798 3130 865 3189; x_wconf 90' lang='lat' dir='ltr'>loeo</span> <span class='ocrx_word' id='word_1_225' title='bbox 878 3129 923 3188; x_wconf 93' lang='lat' dir='ltr'>sol</span> 
     </span>
     <span class='ocr_line' id='line_1_36' title="bbox 200 3212 875 3293; baseline 0.003 -24"><span class='ocrx_word' id='word_1_226' title='bbox 200 3214 305 3271; x_wconf 88' lang='lat' dir='ltr'>umoris</span> <span class='ocrx_word' id='word_1_227' title='bbox 320 3230 433 3291; x_wconf 87' lang='lat' dir='ltr'>parvam</span> <span class='ocrx_word' id='word_1_228' title='bbox 446 3212 553 3273; x_wconf 90' lang='lat' dir='ltr'>delibet</span> <span class='ocrx_word' id='word_1_229' title='bbox 564 3215 599 3274; x_wconf 90' lang='lat' dir='ltr'>ab</span> <span class='ocrx_word' id='word_1_230' title='bbox 611 3231 736 3291; x_wconf 89' lang='lat' dir='ltr'>aequore</span> <span class='ocrx_word' id='word_1_231' title='bbox 752 3223 875 3293; x_wconf 87' lang='lat' dir='ltr'>partem:</span> 
     </span>
     <span class='ocr_line' id='line_1_37' title="bbox 201 3294 881 3376; baseline 0.003 -23"><span class='ocrx_word' id='word_1_232' title='bbox 201 3294 318 3371; x_wconf 83' lang='lat' dir='ltr'>largiter</span> <span class='ocrx_word' id='word_1_233' title='bbox 329 3297 356 3354; x_wconf 92' lang='lat' dir='ltr'>in</span> <span class='ocrx_word' id='word_1_234' title='bbox 368 3305 445 3355; x_wconf 86' lang='lat' dir='ltr'>tento</span> <span class='ocrx_word' id='word_1_235' title='bbox 458 3299 550 3376; x_wconf 91' lang='lat' dir='ltr'>spatio</span> <span class='ocrx_word' id='word_1_236' title='bbox 562 3308 655 3358; x_wconf 89' lang='lat' dir='ltr'>tamen</span> <span class='ocrx_word' id='word_1_237' title='bbox 667 3297 776 3358; x_wconf 83' lang='lat' dir='ltr'>auferet</span> <span class='ocrx_word' id='word_1_238' title='bbox 791 3297 881 3356; x_wconf 90' lang='lat' dir='ltr'>undis.</span> 
     </span>
     <span class='ocr_line' id='line_1_38' title="bbox 201 3381 950 3460; baseline 0.005 -23"><span class='ocrx_word' id='word_1_239' title='bbox 201 3387 258 3437; x_wconf 91' lang='lat' dir='ltr'>turn</span> <span class='ocrx_word' id='word_1_240' title='bbox 271 3395 357 3456; x_wconf 83' lang='lat' dir='ltr'>porro</span> <span class='ocrx_word' id='word_1_241' title='bbox 368 3382 445 3440; x_wconf 85' lang='lat' dir='ltr'>venti</span> <span class='ocrx_word' id='word_1_242' title='bbox 458 3398 573 3460; x_wconf 90' lang='lat' dir='ltr'>quoque</span> <span class='ocrx_word' id='word_1_243' title='bbox 584 3399 712 3459; x_wconf 82' lang='lat' dir='ltr'>magnam</span> <span class='ocrx_word' id='word_1_244' title='bbox 723 3381 827 3442; x_wconf 87' lang='lat' dir='ltr'>tollere</span> <span class='ocrx_word' id='word_1_245' title='bbox 842 3390 950 3459; x_wconf 88' lang='lat' dir='ltr'>partem</span> 
     </span>
     <span class='ocr_line' id='line_1_39' title="bbox 201 3463 862 3544; baseline 0.009 -24"><span class='ocrx_word' id='word_1_246' title='bbox 201 3463 306 3521; x_wconf 90' lang='lat' dir='ltr'>umoris</span> <span class='ocrx_word' id='word_1_247' title='bbox 318 3474 438 3541; x_wconf 91' lang='lat' dir='ltr'>possunt</span> <span class='ocrx_word' id='word_1_248' title='bbox 450 3474 599 3525; x_wconf 83' lang='lat' dir='ltr'>verrentes</span> <span class='ocrx_word' id='word_1_249' title='bbox 614 3483 737 3544; x_wconf 88' lang='lat' dir='ltr'>aequora</span> <span class='ocrx_word' id='word_1_250' title='bbox 748 3511 757 3544; x_wconf 87' lang='lat'>,</span> <span class='ocrx_word' id='word_1_251' title='bbox 769 3467 862 3526; x_wconf 89' lang='lat' dir='ltr'>ventis</span> 
     </span>
    </p>
   </div>
   <div class='ocr_carea' id='block_1_3' title="bbox 0 0 1157 3886">
    <p class='ocr_par' dir='ltr' id='par_1_3' title="bbox 0 0 1157 3886">
     <span class='ocr_line' id='line_1_40' title="bbox 0 0 1157 3886; baseline 0 0"><span class='ocrx_word' id='word_1_252' title='bbox 0 0 1157 3886; x_wconf 95' lang='lat' dir='ltr'> </span> 
     </span>
    </p>
   </div>
  </div>
 </body>
</html>
