2310 3892
533 194 574 255 111

133 375 165 428 et
177 366 364 426 dominantior
373 365 409 426 ad
423 368 508 428 vitam
524 368 663 444 quamvis
678 367 787 426 animai.

133 467 197 511 nam
209 453 271 512 sine
283 458 379 510 mente
393 453 544 527 animoque
559 452 657 528 nequit
668 450 797 511 residere
813 467 866 530 per
877 459 955 511 artus

133 537 274 615 temporis
287 536 419 612 exiguam
430 542 539 614 partem
550 551 616 613 pars
630 533 687 594 nlla
702 537 817 612 animai,

56 630 120 684 4⁰0
136 619 190 682 sed
200 635 298 680 comes
310 621 469 698 insequitur
481 617 567 678 lacile
578 627 607 679 et
617 618 778 679 disceditis
789 637 871 680 auras

134 713 164 765 et
179 701 292 782 gelidos
303 712 379 763 amus
394 705 422 762 in
436 702 487 762 leti
498 701 605 780 frigore
617 701 727 780 linquit.

134 796 163 848 at
175 795 268 848 manet
282 789 311 847 in
324 788 382 848 vita
394 788 440 847 cui
454 804 534 847 mens
546 789 712 866 animusque
724 788 867 848 remansit.
894 788 898 794 ’

135 872 262 951 quamvis
275 879 321 932 est
336 872 442 931 circum
455 873 547 931 caesis
559 869 638 931 lacer
652 871 776 949 undique
787 872 920 932 membris

136 965 270 1032 nuncus,
285 954 417 1035 adempta
430 957 520 1016 anima
535 957 641 1015 circum
653 956 846 1033 membrisque
861 965 969 1017 remota

62 1049 121 1104 405
132 1041 201 1100 vivit
217 1048 246 1099 et
259 1041 351 1100 addas
362 1039 456 1099 vitalis
468 1040 588 1118 suscipit
599 1057 697 1099 auras:

135 1126 160 1185 si
171 1140 227 1183 uon
240 1124 423 1200 omnimodis,
436 1133 464 1184 at
479 1141 579 1200 magua
589 1133 670 1202 parte
681 1124 780 1183 animai

135 1210 262 1288 privatus
272 1253 281 1285 ,
292 1215 385 1267 mmen
397 1209 424 1266 iu
438 1209 496 1267 vita
509 1216 657 1266 cunctatur
672 1218 701 1268 et
712 1207 826 1272 haeret:

134 1301 183 1370 ut,
197 1290 323 1352 lacerato
336 1291 421 1351 oculo
433 1293 539 1351 circum
551 1293 575 1351 si
586 1291 693 1371 pupula
704 1293 803 1352 mansit

135 1375 303 1454 incolumis,
316 1385 371 1437 stat
384 1377 520 1436 cernundi
530 1378 622 1436 vivata
634 1384 781 1455 potestas,

64 1471 124 1525 tto
137 1461 203 1520 dum
212 1460 296 1519 modo
310 1479 348 1520 ne
359 1469 449 1521 totum
461 1477 624 1539 corrumpas
640 1460 752 1522 luminis
767 1461 883 1538 orbem,

135 1554 165 1606 et
177 1546 283 1606 circum
298 1543 400 1605 caedas
412 1546 503 1605 aciem
517 1543 664 1624 solamque
675 1544 835 1623 relinquas:

137 1629 177 1709 {id
191 1644 306 1708 quoque
318 1631 392 1689 enim
404 1631 466 1689 sine
477 1632 605 1708 pernicie
618 1648 674 1689 non
686 1631 735 1690 liet
747 1632 856 1710 eorum]

132 1722 162 1773 at
175 1715 200 1774 si
211 1711 317 1773 tantula
330 1731 397 1793 pars
412 1713 489 1773 oculi
499 1713 590 1774 media
605 1713 653 1773 illa
663 1732 768 1793 peresa
782 1724 845 1791 cst,

136 1796 241 1859 occidit
257 1796 403 1877 extemplo
415 1796 510 1856 lumen
521 1797 716 1875 tenebraeque
728 1807 873 1857 secuntur.

64 1891 121 1946 415
137 1879 299 1962 [incolumis
314 1882 441 1961 quamvis
455 1879 560 1960 alioqui
575 1879 741 1959 splendidus
755 1881 845 1960 orbis]

134 1965 190 2027 boo
201 1967 291 2027 anima
302 1975 388 2045 atque
398 1968 505 2026 animus
516 1967 604 2026 vincti
616 1973 680 2025 sunt
695 1964 814 2025 loedere
826 1983 950 2045 semper.

176 2048 259 2110 Nunc
272 2068 345 2129 age,
361 2053 471 2112 nativos
482 2051 666 2110 animantibus
679 2059 709 2110 et
719 2048 845 2111 mortalis

134 2153 202 2197 esse
216 2136 324 2196 animos
335 2137 498 2214 animasque
514 2135 586 2195 levis
600 2145 629 2195 ut
644 2152 767 2196 noscere
779 2137 893 2215 possis,

134 2220 294 2298 conquisita
304 2219 350 2279 diu
364 2218 498 2298 dulcique
512 2230 628 2299 reperta
643 2219 742 2279 labore

63 2312 119 2367 420
133 2311 274 2383 perpetua
284 2321 404 2382 pergam
415 2303 568 2384 disponere
585 2306 706 2363 carmina
720 2305 786 2363 vita.

100 2410 104 2420 ·
132 2398 162 2448 tu
175 2388 221 2448 lac
236 2396 384 2467 utrumque
395 2391 443 2448 uni
455 2389 609 2464 subiungas
625 2404 728 2446 nomen
744 2402 859 2461 eorum,

133 2480 219 2551 atque
230 2473 347 2532 animam
361 2473 442 2532 verbi
455 2490 540 2532 causa
552 2488 616 2531 cum
627 2471 725 2530 dicere
737 2487 872 2549 pergam,

132 2554 281 2617 mortalem
292 2575 360 2617 esse
373 2556 497 2634 docens,
512 2557 633 2616 animum
645 2572 759 2634 qnoque
775 2553 872 2614 dicere
885 2551 1004 2629 credas,

133 2649 272 2718 quatenus
285 2651 329 2701 est
341 2659 425 2700 unum
438 2642 512 2701 inter
522 2659 555 2702 se
569 2642 776 2718 coniunctaque
790 2658 838 2699 res
851 2647 906 2698 est.

66 2730 121 2786 ιιι
131 2725 273 2804 principio
289 2727 419 2804 quoniam
430 2735 544 2785 tenuem
556 2735 688 2786 constare
702 2727 813 2784 minutis

132 2808 303 2888 corporibus
315 2809 400 2870 docui
412 2809 558 2887 multoque
571 2810 726 2869 minoribus
738 2827 805 2869 esse

132 2894 279 2973 principiis
292 2892 394 2953 iactam
407 2911 489 2972 quam
504 2893 627 2971 liquidus
639 2910 720 2952 umor
729 2895 812 2971 aquai

113 2979 115 2983 ’
130 2986 179 3037 sut
189 2975 295 3037 nebula
305 2987 352 3037 aut
364 2977 476 3056 fumus,
491 2979 546 3036 iam
557 2978 645 3055 longe
657 2976 813 3037 mobilitate

130 3070 258 3139 praestat
270 3071 300 3120 ot
310 3079 327 3122 a
338 3063 417 3121 tenui
433 3080 518 3122 causa
530 3063 618 3139 magis
633 3063 690 3121 icta
701 3071 841 3120 movetur.

63 3144 251 3224 4301quippe
264 3145 312 3204 nbi
327 3146 494 3223 imaginibus
507 3145 575 3204 lumi
586 3143 767 3223 nebulaeque
779 3143 921 3222 movetur]

10 3240 12 3247 '
131 3228 208 3307 quod
220 3247 313 3306 genus
329 3239 391 3307 est,
403 3232 510 3290 somnis
526 3230 613 3308 sopiti
628 3229 676 3288 ubi
691 3230 832 3288 cernimus
844 3225 902 3286 alte

12 3306 15 3314 ’
128 3311 264 3374 exhalare
278 3330 414 3392 vaporem
425 3315 522 3374 altaria
533 3314 668 3391 ferreque
684 3312 798 3371 fumum.

19 3454 41 3481 μ,
130 3396 206 3475 [nam
215 3396 319 3475 procul
330 3396 397 3457 binc
409 3398 494 3458 dubio
508 3399 592 3458 nobis
604 3396 753 3457 simulacra
765 3393 915 3474 geruntur}

21 3497 39 3543 μ
127 3498 204 3541 nunc
216 3481 302 3560 igdtnr
316 3483 447 3561 quoniam
459 3483 599 3561 quassatis
611 3480 735 3559 undique
750 3481 827 3540 vasis
