2288 3886
127 188 171 253 96
609 185 649 244 lV

212 355 298 415 multa
309 354 399 416 modis
412 351 504 412 multis
515 354 543 411 iu
555 362 671 412 cunctas
683 352 807 431 undiquc
818 354 920 433 partis;

214 437 439 520 quandoquidem
453 435 603 517 speculum
614 454 793 515 quocumque
808 436 982 502 obvertimus
995 443 1056 504 oris

149 536 199 590 165
213 542 261 584 res
274 523 328 584 sibi
340 520 513 601 respondent
525 518 608 580 simili
619 519 708 580 forma
722 530 808 598 atque
821 521 929 582 colore.

249 606 261 688 d
275 607 426 667 Praeterea
439 603 523 666 modo
537 621 599 663 cum
611 603 695 664 luerit
707 604 892 683 liquidissima
902 607 975 667 caeli

212 699 384 772 tempestas,
397 705 533 768 perquam
546 687 639 748 subito
654 688 804 748 inturbida
817 689 919 767 foede,

212 777 336 856 undique
347 776 387 834 uti
402 773 534 832 tenebras
548 773 637 831 omnis
648 771 813 832 Acherunta
823 775 912 832 rearis

211 862 330 942 liquisse
343 868 372 919 et
382 874 496 935 magnas
509 854 582 914 caeli
598 855 761 935 complesse
775 875 919 918 cavernas.

150 955 301 1023 stonsque
314 943 386 1004 adeo
397 950 486 1001 taetra
497 940 653 999 nimborum
664 949 749 1001 nocte
762 951 860 1001 coorta

212 1028 366 1108 inpendent
377 1034 454 1086 atrae
467 1022 621 1084 formidinis
631 1041 681 1084 ora
695 1042 836 1103 supeme;

212 1131 331 1194 quorum
342 1109 474 1190 quantula
485 1125 551 1187 pars
564 1109 600 1168 sit
614 1109 707 1186 imago
720 1106 816 1169 dicere
827 1120 940 1171 nemost

210 1201 258 1277 qni
274 1198 383 1275 possit,
396 1211 490 1272 neque
502 1209 564 1252 eam
577 1193 713 1253 rationem
725 1191 847 1253 reddere
858 1192 960 1271 dictis,

209 1285 238 1342 in
251 1299 334 1361 quern
347 1296 475 1357 quaeque
488 1276 582 1336 locum
593 1275 707 1337 diverso
718 1278 839 1337 momine
849 1278 955 1339 tendat.
970 1276 984 1361 ll

146 1372 194 1427 175
251 1365 333 1424 Nunc
346 1382 417 1440 age,
430 1379 511 1439 quam
525 1359 614 1420 celeri
626 1369 703 1420 motu
715 1360 863 1422 simulacra
873 1361 1017 1446 ferantur,

210 1459 240 1509 ct
251 1466 323 1527 quae
338 1445 478 1505 mobilitas
492 1443 556 1504 ollis
571 1445 744 1513 tranantibus
758 1463 838 1505 auras

209 1533 318 1593 reddita
330 1534 383 1606 sit,
398 1529 486 1606 longo
499 1530 591 1607 spatio
603 1538 633 1587 ut
644 1529 740 1589 brevis
752 1528 820 1588 hora
833 1539 954 1610 teratur,

210 1616 360 1676 suavidicis
373 1615 467 1693 potius
482 1630 564 1690 quarn
580 1611 673 1672 multis
684 1613 815 1673 versibus
828 1614 923 1684 edam;

209 1719 313 1780 parvus
325 1707 355 1758 ut
367 1707 411 1758 est
424 1699 508 1774 cycni
520 1695 621 1756 melior
633 1714 736 1773 canor,
748 1695 797 1757 ille
811 1716 911 1775 gruum
927 1720 1011 1780 quam

149 1795 198 1848 180
211 1785 316 1845 clamor
330 1787 358 1842 in
370 1781 502 1842 aetheriis
517 1780 663 1860 dispersus
674 1782 795 1842 nubibus
808 1785 902 1843 austri.

211 1871 352 1949 principio
364 1884 507 1947 persaepe
523 1864 597 1925 levis
608 1884 655 1926 res
666 1875 750 1944 atque
763 1867 874 1926 minutis

209 1952 377 2032 corporibus
389 1950 478 2010 iactas
496 1948 600 2009 celeris
613 1948 682 2011 licet
694 1969 761 2010 esse
771 1949 878 2011 videre.

208 2040 236 2096 in
248 2055 303 2114 quo
315 2039 368 2094 iam
379 2052 488 2112 genere
500 2042 544 2092 est
555 2032 626 2093 solis
638 2032 687 2092 lux
698 2042 727 2092 et
737 2051 827 2112 uapor
839 2037 900 2095 eius

209 2130 363 2200 propterea
373 2120 437 2196 quia
448 2125 541 2176 sunto
556 2117 652 2195 primis
668 2117 742 2176 lacta
755 2120 884 2197 minutis,

132 2213 194 2267 »185
209 2222 281 2283 qnae
294 2203 373 2281 quasi
384 2201 521 2261 cuduntur
532 2219 640 2280 perque
652 2201 726 2260 aeris
737 2203 915 2263 intervallum

208 2305 264 2348 uon
277 2287 402 2348 dubitant
413 2286 531 2348 transire
544 2288 675 2364 sequenti
688 2289 798 2347 concita
809 2287 893 2367 plaga

208 2392 318 2452 perque
329 2371 427 2432 volare
440 2389 515 2430 mare
527 2387 561 2429 ac
572 2380 663 2430 terras
676 2368 842 2449 caelumque
852 2373 962 2450 rigare.

208 2456 404 2538 suppeditatur
415 2457 488 2518 enim
501 2455 651 2515 confestim
662 2454 766 2514 lumine
781 2454 893 2533 lumen,

207 2553 237 2602 et
248 2544 328 2620 quasi
339 2541 453 2620 protelo
464 2538 621 2599 stimulatur
630 2538 743 2616 fulgere
755 2538 858 2616 lulgur.

146 2635 194 2688 190
209 2635 383 2705 quapropter
395 2623 543 2683 simulacra
554 2625 614 2699 pari
625 2625 733 2683 ratione
744 2642 867 2684 necesse
880 2635 925 2686 est

208 2707 419 2768 inmemorabile
431 2725 484 2786 per
495 2708 615 2784 spatium
630 2715 824 2767 transcurrere
835 2726 925 2787 posse

208 2794 342 2870 temporis
356 2794 384 2851 in
396 2799 520 2870 puncto,
532 2792 650 2869 primum
665 2791 741 2870 quod
755 2791 871 2871 parvola
883 2811 968 2854 causa

208 2885 253 2936 cst
267 2876 368 2955 procul
381 2893 397 2934 a
408 2885 491 2952 tergo
504 2893 576 2954 quae
589 2874 727 2954 provebat
738 2885 823 2954 atque
835 2876 998 2958 propellat,

207 2961 308 3020 deinde
321 2959 396 3037 quod
407 2979 497 3039 usque
509 2960 580 3019 adeo
592 2969 703 3021 textura
714 2960 841 3039 praedita
850 2965 915 3021 rara

145 3053 193 3107 195
207 3048 367 3123 mittuntur,
380 3044 465 3105 facile
479 3053 508 3103 ut
522 3046 635 3123 quasvis
647 3054 797 3122 penetrare
812 3053 916 3124 queant
929 3065 978 3108 res

206 3140 235 3191 et
247 3131 326 3208 quasi
341 3146 507 3208 permanare
521 3147 575 3208 per
585 3131 660 3189 atris
672 3127 857 3188 intervallum.

205 3223 354 3292 praeterea
365 3215 389 3274 si
403 3231 474 3292 quae
488 3216 601 3292 penitus
614 3212 784 3291 corpuscula
796 3231 891 3273 rerum

205 3316 242 3357 ex
253 3296 367 3375 altoque
380 3299 456 3358 loras
468 3299 627 3374 mittuntur,
642 3296 712 3356 solis
724 3298 763 3356 uti
773 3296 823 3357 lux

205 3399 239 3440 ac
253 3399 357 3460 vapor,
376 3381 448 3442 haec
457 3390 563 3461 puncto
576 3389 729 3441 cernuntur
738 3380 818 3460 lapsa
829 3379 886 3443 diei

141 3473 193 3527 200
202 3483 256 3544 per
266 3473 355 3525 totum
367 3465 438 3528 caeli
450 3467 570 3544 spatium
581 3464 736 3525 diffundere
749 3484 825 3526 sese.
