2288 3886
144 187 204 251 142
626 185 652 243 V

225 370 281 432 quo
293 361 378 430 pecto
394 353 509 413 aestivis
522 369 539 411 e
551 350 676 430 partibus
688 352 870 428 aegocerotis

221 433 354 496 brumalis
366 434 448 496 adeat
460 434 551 495 llexus
563 443 647 514 atque
659 433 883 495 inderevertens

158 531 209 585 616
226 520 321 580 eanon'
333 537 366 579 se
379 528 410 580 ut
419 527 511 580 vertat
521 526 611 579 metas
623 516 658 577 ad
668 516 844 596 solstitialis,

222 603 345 681 lunaque
356 602 501 663 mensibus
512 601 541 661 id
553 602 673 681 spatium
684 600 814 662 videatur
825 603 923 680 obire,

222 704 312 747 annua
323 684 367 746 sol
378 687 407 745 in
420 703 475 764 quo
489 686 628 747 consumit
639 695 767 765 tempora
779 703 872 747 eursu.

222 788 294 848 non,
306 771 434 847 inquam,
450 768 573 848 simplex
582 767 626 829 bis
637 769 723 829 rebus
735 767 844 829 reddita
855 781 977 832 oausast.

222 872 285 914 nam
296 854 358 913 lieri
369 850 417 912 vel
430 871 493 913 oum
504 853 601 932 primis
611 851 640 912 id
652 869 740 930 posse
753 851 881 929 videtur,

160 949 211 1003 oto
221 936 379 998 Democriti
391 935 468 1016 quod
479 945 577 998 saneta
588 936 641 995 viri
653 937 793 996 sententia
804 938 899 1014 ponit,

222 1030 326 1100 quanto
339 1038 469 1100 quaeque
481 1021 570 1098 magis
584 1021 639 1080 sint
650 1028 752 1080 terram
763 1018 856 1079 sidera
868 1030 1004 1101 propter,

221 1113 298 1166 tanto
309 1120 399 1183 posse
409 1104 499 1163 minus
513 1121 576 1164 eum
588 1102 660 1164 eaeli
672 1103 783 1163 turbine
795 1103 876 1164 ferri:

222 1206 399 1250 evanescere
413 1189 487 1248 onim
500 1185 611 1265 rapidas
623 1186 698 1247 illius
711 1196 740 1247 et
751 1188 824 1247 aoris
881 1187 884 1191 ’

220 1273 343 1333 imminui
355 1279 455 1349 supter
464 1272 548 1349 viris,
564 1270 688 1348 ideoque
699 1268 819 1350 relinqui

157 1368 208 1420 625
224 1355 357 1435 paulatim
368 1354 460 1416 solem
473 1373 537 1415 oum
546 1355 747 1433 posterioribu’
759 1354 866 1432 signis,

220 1439 338 1500 inferior
348 1438 436 1498 multo
449 1437 525 1517 quod
536 1440 572 1498 sit
584 1455 666 1516 quam
677 1436 785 1498 fervida
795 1439 884 1516 signa.

221 1534 250 1585 et
261 1524 351 1599 magis
363 1521 419 1582 boo
429 1519 536 1581 lunam:
549 1529 651 1600 quanto
664 1521 813 1582 demissior
823 1523 885 1581 eius

221 1625 322 1667 eureus
334 1605 416 1666 abest
427 1603 528 1683 prooul
543 1604 653 1665 aoaelo
664 1607 805 1685 terrisque
818 1605 1008 1686 propinquat,

219 1699 297 1751 tanto
312 1706 401 1769 posse
412 1688 502 1748 minus
515 1707 578 1748 oum
590 1689 679 1766 signis
692 1689 810 1749 tendere
825 1706 946 1748 cursum.

154 1784 206 1838 630
218 1772 380 1835 lleooldiore
391 1774 495 1834 etenim
507 1783 610 1852 quanto
620 1775 674 1832 iam
688 1773 798 1832 turbine
810 1771 912 1832 fertur·

219 1858 335 1918 inferior
346 1875 428 1936 quam
439 1855 500 1935 sol,
514 1866 590 1918 tanto
601 1858 691 1934 magis
704 1857 794 1916 omnia
805 1856 886 1933 signe

219 1941 291 2002 hano
302 1940 494 2020 adipiscuntur
506 1943 628 2018 ciream,
640 1950 811 2019 praeterque
823 1939 960 2001 feruntur.

219 2034 373 2104 propterea
385 2026 415 2085 llt
425 2034 456 2085 ut
466 2023 538 2085 haee
550 2023 585 2084 ad
597 2025 708 2102 signum
721 2022 854 2102 quodque
868 2027 975 2085 reverti

217 2107 349 2169 mobilius
364 2106 511 2184 videatur,
524 2107 560 2168 ad
571 2107 644 2167 bano
656 2109 721 2186 quie
733 2109 814 2186 signa
828 2109 965 2169 revisunt.

155 2202 206 2256 636
221 2195 251 2253 lit
264 2208 378 2270 quoque
390 2200 421 2251 ut
433 2209 449 2251 e
461 2191 555 2251 mundi
566 2193 735 2253 transversis
748 2190 874 2271 partibus
887 2198 939 2253 adr

219 2275 335 2337 alternis
349 2285 429 2338 oerto
441 2274 530 2336 duere
545 2275 618 2337 alter
628 2285 757 2355 tempore
768 2277 878 2355 possit,

218 2362 266 2440 qui
279 2370 364 2439 queat
376 2360 492 2421 aestivis
508 2358 599 2421 solem
609 2358 761 2420 detrudere
774 2360 863 2436 signis

218 2444 351 2506 brumalis
362 2462 454 2523 usque
466 2444 501 2504 ad
515 2443 605 2505 llexus
620 2442 803 2522 gelidumque
813 2444 955 2522 rigorem,

218 2538 247 2589 et
259 2530 306 2607 qui
320 2529 420 2588 reiciat
431 2526 534 2605 gelidis
545 2548 561 2589 a
572 2527 686 2605 frigoris
698 2527 802 2587 umbris

155 2621 206 2675 640
219 2611 368 2672 aestiferas
380 2630 472 2690 usque
484 2612 511 2670 in
522 2613 609 2690 partis
625 2621 655 2672 et
667 2611 775 2671 fervida
786 2613 876 2688 signa.

218 2705 247 2755 et
258 2697 367 2755 ratione
382 2696 441 2774 pari
452 2693 544 2754 lunam
555 2694 712 2773 stellasque
723 2694 918 2776 putandumst,

218 2796 289 2856 quae
304 2776 422 2839 volvunt
434 2795 551 2857 magnos
564 2782 592 2839 in
604 2781 712 2857 magnis
724 2779 839 2840 orbibus
852 2796 960 2857 annos,

216 2862 330 2924 aeribus
344 2879 433 2940 posse
445 2861 560 2923 alternis
573 2883 590 2924 e
602 2863 727 2942 partibus
740 2864 790 2923 ire.

216 2964 309 3007 noune
321 2945 402 3007 vides
416 2948 499 3007 etiem
511 2948 630 3008 diuersis
642 2946 736 3007 nubila
747 2947 839 3007 ventis

154 3039 204 3094 645
217 3031 343 3092 diversas
355 3033 396 3091 ire
409 3032 436 3091 in
447 3034 534 3110 partis
547 3032 656 3091 inferne
667 3027 819 3110 supernis?

216 3117 264 3194 qui
276 3117 365 3176 minus
377 3114 426 3175 illa
437 3118 541 3194 que'ont
551 3134 604 3194 per
615 3133 732 3193 magnos
745 3114 869 3174 aetheris
881 3113 959 3174 orbis

216 3199 342 3259 aestibus
354 3200 428 3259 inter
442 3219 475 3260 se
488 3199 608 3260 diversis
620 3199 713 3260 sidera
724 3195 813 3259 ierril

257 3282 296 3342 At
307 3299 365 3342 nox
376 3283 468 3343 obruit
478 3285 586 3361 ingenti
599 3282 720 3361 ealigine
732 3293 838 3360 terres,

215 3374 262 3425 aut
275 3366 323 3427 ubi
335 3366 370 3426 de
384 3366 472 3444 longo
488 3386 572 3428 cursu
583 3365 628 3427 sol
641 3366 736 3426 ultima
748 3365 820 3426 caeli

153 3458 205 3513 666
218 3449 326 3530 impulit
337 3458 422 3530 atque
434 3468 502 3511 suos
514 3451 621 3512 efflavit
631 3449 779 3528 languidus
791 3451 864 3526 ignis
