2288 3886
122 364 194 425 quae
205 345 294 406 reluti
304 345 426 406 validum
437 364 500 408 crum
512 345 615 405 llumen
624 346 805 425 procubuere

123 445 206 509 quam
218 427 290 491 libet
301 430 464 507 importem,
481 429 593 489 trudunt
604 447 652 491 res
667 438 731 492 ante
742 441 881 511 ruuntque

121 512 274 591 impetibus
285 512 394 572 crebris
405 558 413 589 ,
425 512 564 572 interdum
573 515 683 574 vertice
699 523 774 575 torto

122 597 279 675 corripiunt
290 595 444 674 mpideque
457 597 558 656 rotanti
570 598 682 657 turbine
693 607 814 676 portant.

53 689 107 744 aba
124 697 212 758 quare
225 682 308 739 etiarn
320 688 406 757 atque
418 680 500 739 etiam
512 689 578 740 0001
589 681 667 740 venti
679 698 799 761 corpora
810 700 912 759 caeca,

122 761 346 843 quandoquidem
357 762 439 823 lactis
451 772 480 822 et
493 765 618 824 moribus
628 764 737 824 aemula
746 768 853 843 magnis

122 847 249 907 amnibus
260 847 454 922 inveniuntur,
467 855 566 924 aperto
580 863 702 926 corpore
714 851 760 927 001
776 859 849 910 sunt.

122 939 180 990 tum
189 946 275 1008 porro
286 930 379 989 varios
390 946 484 988 rernm
495 932 630 990 sentimus
641 930 762 1009 odores,

122 1031 178 1073 nec
190 1021 283 1073 tamen
298 1012 332 1072 ad
343 1014 417 1071 naris
427 1015 567 1074 venientis
580 1015 720 1074 cernimus
732 1033 875 1095 umquam,

54 1105 112 1160 300
124 1114 181 1156 000
193 1095 300 1157 calidos
313 1105 409 1156 aestus
421 1097 539 1175 tuimur,
555 1114 610 1158 000
622 1097 728 1174 frigora
739 1100 848 1177 quimus

122 1197 260 1259 usurpare
272 1178 380 1256 oculis,
401 1198 456 1239 nec
466 1196 556 1241 voces
569 1199 687 1241 comere
699 1200 828 1250 suemus;

122 1281 194 1343 0000
206 1273 298 1324 tamen
310 1265 400 1323 omnia
413 1280 552 1342 corporea
567 1273 697 1326 constare
708 1276 859 1327 necessest

121 1357 234 1426 natura,
248 1349 378 1426 quoniam
392 1365 494 1409 000000
506 1347 646 1427 inpellere
661 1358 796 1428 possunt:

123 1442 241 1509 tangore
258 1432 332 1492 enim
343 1440 373 1492 et
387 1433 481 1508 tangi,
495 1433 549 1492 nisi
560 1451 664 1513 corpus
674 1479 683 1512 ,
694 1433 771 1494 nulla
781 1442 879 1512 potest
891 1453 948 1494 res.

50 1525 106 1580 305
122 1516 245 1594 denique
256 1514 416 1593 fluctifrago
429 1533 587 1594 suspensae
598 1519 626 1576 10
638 1516 721 1578 litore
733 1527 831 1578 vestes

123 1608 280 1677 arescunt,
296 1597 415 1659 eaedem
427 1598 576 1678 dispansae
587 1601 615 1659 in
627 1600 691 1662 0010
702 1610 860 1673 serescunt.

123 1693 150 1744 at
161 1701 255 1762 00000
268 1700 325 1762 000
336 1691 421 1762 pacto
432 1681 592 1762 persederit
603 1702 683 1745 umor
692 1687 773 1764 aquai

121 1769 258 1845 visumst,
276 1785 331 1826 nec
341 1784 451 1827 rursum
463 1784 519 1845 000
530 1777 615 1845 pacto
627 1768 731 1845 fugerit
742 1779 832 1829 aestu.

122 1853 150 1911 in
160 1869 262 1931 parvas
274 1853 359 1928 igitur
370 1853 457 1930 partis
468 1851 640 1929 dispergitur
651 1867 747 1929 umor,

52 1945 107 1999 310
122 1953 192 2014 quas
205 1933 281 1996 oculi
292 1932 367 1994 nulla
379 1943 499 2014 possunt
508 1935 616 1994 ratione
628 1934 735 1994 videre.

123 2019 190 2098 0010
202 2020 285 2080 etiam
296 2017 389 2079 multis
406 2018 476 2080 00110
487 2016 670 2079 redeuntibus
682 2021 761 2079 annis

123 2102 223 2163 anulus
233 2104 262 2162 in
274 2102 362 2179 digito
375 2103 474 2162 subter
484 2110 614 2162 tenuatur
624 2101 771 2181 habendo,

122 2185 236 2248 stilicidi
248 2203 331 2247 casus
342 2185 464 2265 lapidem
477 2195 573 2263 cavat,
585 2204 674 2248 uncus
686 2188 769 2246 aratri

123 2269 234 2331 ferreus
246 2269 361 2330 occulte
373 2268 516 2330 decrescit
527 2287 625 2330 vomer
636 2272 665 2329 in
674 2273 765 2346 arvis,

55 2362 109 2418 315
122 2363 265 2433 strataque
280 2354 334 2412 iam
347 2353 426 2431 volgi
438 2353 559 2433 pedibus
572 2352 672 2414 detrita
681 2356 787 2412 viarum

123 2455 209 2499 saxea
221 2438 426 2516 conspicimus:
443 2446 516 2515 tum,
528 2446 625 2515 portas
637 2447 772 2515 propter,
784 2443 854 2495 0000

122 2523 204 2599 signa
214 2539 310 2581 manus
323 2519 435 2582 dextras
452 2520 603 2581 ostendunt
614 2521 756 2581 adtenuari

124 2623 213 2685 saepe
225 2605 392 2666 salutantum
403 2614 479 2666 tactu
491 2614 661 2684 pmeterque
672 2613 819 2664 meantum.

121 2687 195 2750 haec
206 2689 291 2768 igitur
301 2691 401 2766 minui,
415 2707 477 2748 cum
489 2690 544 2748 sint
555 2689 673 2767 detrita,
685 2687 827 2748 videmus:

55 2779 109 2836 320
123 2772 176 2833 sed
186 2789 260 2851 0000
277 2789 398 2851 corpom
409 2771 550 2843 decedant
560 2773 588 2831 in
599 2780 728 2850 tempore
738 2789 869 2850 quoque,

120 2856 214 2916 inuida
224 2856 379 2935 praeclusit
390 2856 509 2934 spatium
518 2864 614 2916 natura
625 2854 746 2915 videndi.

121 2949 268 3019 postremo
280 2957 475 3019 quaecumque
487 2937 548 2999 dies
562 2948 714 3017 naturaque
729 2939 816 2998 rebus

119 3023 254 3102 paulatim
265 3024 378 3100 tribuit,
389 3022 554 3083 moderatim
566 3040 701 3084 crescere
715 3040 841 3100 cogens,

119 3104 197 3167 nulla
211 3116 309 3186 potest
320 3104 467 3167 oculorum
477 3107 555 3166 acies
573 3113 705 3165 contenta
713 3107 805 3183 tueri,

55 3196 106 3253 025
116 3208 174 3251 000
184 3206 272 3270 porro
283 3207 479 3269 quaecumque
490 3206 562 3250 aevo
573 3190 721 3267 macieque
733 3198 886 3248 senescunt

118 3291 193 3352 nec,
204 3291 281 3335 mare
292 3291 364 3351 quae
375 3273 546 3352 inpendent,
558 3289 648 3333 vesco
661 3271 721 3333 sale
733 3289 799 3332 saxa
809 3290 913 3349 peresa

119 3356 312 3437 0010000000
325 3358 448 3417 amittant
459 3359 487 3415 in
498 3365 628 3434 tempore
641 3373 759 3415 cernere
775 3357 880 3434 possis.

10 3442 13 3473 ³
120 3442 291 3522 corporibus
304 3442 602 3520 caecisigiturnatura
613 3441 756 3518 geritres.

10 3478 47 3647 l.
