2288 3886
605 119 648 184 lll

207 297 327 370 apparet
339 287 432 348 dirum
442 305 546 346 numen
558 281 702 367 sedesque
717 291 849 369 quietae,

209 393 280 454 quas
292 390 387 452 neque
403 372 567 432 concutiunt
580 374 658 433 venti
670 392 725 434 nec
736 373 830 434 nubila
842 373 943 436 nimbis

152 471 195 524 20
206 466 362 538 aspergunt
374 474 468 535 neque
480 459 530 516 nix
540 458 599 516 aeri
611 467 746 518 concreta
756 461 855 538 pruina

211 561 281 604 cana
294 541 399 602 cadens
410 539 498 601 violat
509 558 683 620 semperque
698 543 839 605 innubilus
851 543 951 603 aether

211 629 329 705 integit,
342 634 372 687 et
383 624 464 702 large
477 625 579 685 diduso
591 625 695 687 lumine
710 628 816 689 rident:

210 714 302 773 omnia
314 710 480 789 suppeditat
491 727 578 789 porro
589 722 703 788 natura,
716 730 811 792 neque
823 711 880 772 ulla

210 815 259 858 res
271 797 353 855 animi
364 812 465 874 pacem
477 794 582 855 delibat
597 806 726 875 tempore
738 799 766 856 in
776 796 844 857 ullo.

157 891 195 945 25
209 891 238 942 ot
249 890 347 942 contra
358 897 496 959 nusquam
507 890 645 959 apparent
656 881 816 942 Acherusia
826 880 950 960 templa,

210 985 267 1027 nec
278 965 365 1027 tellus
376 966 470 1026 obstat
485 966 551 1044 quin
566 967 658 1026 omnia
669 966 868 1045 dispiciantur,

212 1052 266 1113 sub
277 1049 398 1130 pedibus
412 1068 609 1129 quaecumque
620 1051 691 1111 inira
703 1053 849 1130 perinane
865 1059 1010 1127 geruntur.

213 1136 257 1197 bis
269 1137 307 1196 ibi
318 1154 363 1195 me
374 1135 463 1196 rebus
477 1135 614 1214 quaedam
626 1134 718 1195 diuina
728 1133 860 1216 voluptas

214 1223 337 1301 percipit
350 1230 436 1299 atque
447 1219 565 1297 horror,
578 1220 654 1299 quod
666 1222 707 1281 sic
720 1230 818 1281 natura
829 1220 916 1281 tnavi

165 1316 202 1370 30
213 1315 269 1368 tam
281 1305 429 1365 manilesta
441 1313 543 1384 patens
555 1323 593 1365 ex
607 1307 681 1365 omni
694 1315 775 1385 parte
787 1314 898 1366 retecta
910 1313 963 1366 cst.

256 1389 294 1450 Iit
307 1392 437 1469 quoniam
450 1389 551 1468 docui,
565 1400 728 1451 cunctarum
743 1392 860 1452 exordia
871 1407 966 1451 rerum

217 1474 308 1555 qualia
324 1476 380 1536 sint
391 1484 421 1536 et
433 1492 516 1553 quam
531 1477 616 1536 variis
629 1475 758 1537 distantia
770 1477 867 1537 formis

216 1569 320 1641 sponte
335 1577 385 1620 sna
395 1558 517 1620 volitent
528 1569 646 1620 aeterno
658 1563 768 1640 percita
779 1573 873 1639 motu,

217 1662 311 1724 quove
322 1642 406 1704 modo
418 1645 530 1723 possint
540 1663 588 1705 res
601 1664 639 1705 ex
650 1644 693 1706 his
705 1663 836 1725 quaeque
849 1647 958 1722 creari,

166 1740 203 1795 35
218 1728 307 1790 hasce
319 1727 474 1789 secundum
484 1747 532 1788 res
543 1730 625 1788 animi
636 1739 733 1789 natura
744 1729 857 1791 videtur

218 1824 303 1894 atque
314 1814 421 1873 animae
435 1812 566 1873 claranda
577 1814 648 1872 meis
659 1815 714 1872 iam
724 1814 855 1873 versibus
868 1831 953 1888 esse,

216 1908 247 1959 et
258 1906 351 1958 metus
361 1895 411 1959 ille
422 1897 500 1958 ioras
512 1913 655 1977 praeceps
670 1896 843 1958 Acheruntis
856 1894 1000 1974 agendus,

217 1982 342 2042 irmditus
354 1980 500 2042 humanam
515 1983 562 2059 qui
576 1984 662 2041 vitam
677 1981 769 2042 turbat
782 1982 818 2043 ab
828 1983 902 2059 imo,

218 2067 311 2127 omnia
322 2064 487 2127 suffundens
499 2068 597 2127 mortis
609 2069 740 2146 nigrore,
752 2085 847 2147 neque
858 2066 944 2126 ullam

169 2160 206 2213 40
222 2169 289 2211 esse
300 2148 475 2228 voluptatem
487 2149 620 2230 liquidam
630 2169 785 2231 puramque
798 2151 941 2230 relinquit.

219 2250 283 2294 nam
299 2233 375 2313 quod
386 2252 475 2312 saepe
489 2233 618 2295 homines
631 2236 746 2296 morbos
758 2239 848 2313 magis
864 2256 931 2296 esse
943 2235 1083 2298 timendos

218 2316 408 2397 infamemque
420 2317 514 2380 lerunt
524 2321 610 2378 vitam
622 2336 704 2396 quam
719 2317 835 2379 Tartara
846 2318 914 2396 leti,

220 2410 250 2462 et
261 2420 295 2462 se
310 2404 386 2463 scire
400 2404 508 2463 animae
521 2412 646 2463 naturam
658 2403 803 2479 sanguinis
817 2420 902 2478 esse,

219 2488 363 2548 autetiam
376 2488 469 2564 venti,
485 2489 510 2548 si
522 2487 577 2548 lert
588 2489 625 2547 ita
638 2485 713 2546 iorte
725 2485 874 2565 voluntas,

167 2579 204 2633 45
218 2588 274 2630 nec
285 2588 402 2649 prosum
418 2573 568 2650 quicquam
578 2580 693 2632 nostrae
704 2572 821 2633 rationis
834 2590 942 2650 egere,

219 2654 287 2715 hinc
297 2652 368 2717 licet
377 2654 510 2717 advertas
525 2657 644 2716 animum
655 2658 745 2734 magis
758 2658 849 2717 omnia
860 2655 949 2718 laudis

220 2741 319 2800 lactari
330 2756 417 2801 causa
431 2758 514 2820 quam
524 2739 600 2820 quod
612 2760 660 2802 res
672 2742 735 2820 ipsa
748 2741 894 2820 probetur.

222 2831 354 2885 extorres
368 2824 444 2885 idem
459 2825 548 2902 patria
563 2822 709 2904 longeque
721 2824 810 2903 fugati

221 2917 381 2986 conspectu
393 2926 431 2968 ex
441 2907 599 2984 hominnm,
612 2908 718 2970 iocdati
733 2910 848 2969 crimine
859 2910 949 2987 turpi,

170 3001 207 3054 ott
221 2993 351 3053 omnibus
363 2993 486 3053 crumnis
498 2991 603 3052 adiecti
615 2993 739 3072 denique
751 2995 868 3069 urunt,

222 3085 252 3137 et
264 3092 444 3155 quocumque
455 3086 549 3137 tamen
564 3077 659 3137 miseri
670 3095 778 3137 venere
789 3084 938 3156 parentant

221 3169 252 3221 ct
263 3162 360 3238 nigras
371 3169 494 3221 mactant
506 3159 635 3239 pecudes
647 3169 677 3220 et
688 3161 810 3221 manibu'
826 3158 898 3221 divis

221 3243 337 3305 inferias
350 3245 476 3322 mittunt,
487 3243 634 3324 multoque
645 3245 674 3303 in
685 3243 772 3305 rebus
789 3243 901 3305 acerbis

222 3329 315 3389 acrius
330 3328 480 3389 advertunt
491 3331 598 3389 animos
611 3327 645 3388 ad
656 3328 834 3407 religionem.
864 3392 874 3409 .

171 3422 208 3475 55
222 3429 279 3492 quo
293 3412 382 3492 magis
393 3414 422 3472 in
435 3412 526 3474 dubiis
537 3412 677 3472 hominem
689 3421 824 3492 spectare
835 3412 952 3491 periclis
