2288 3886
99 176 117 212 1
488 157 702 216 PRAEFATIO.

98 326 207 382 calores
229 324 367 381 accedere
386 341 504 381 necesse
523 330 565 380 est
583 327 624 392 (v.
635 328 711 394 807).
746 326 878 398 Alioquin
890 330 930 398 (v.
941 332 1008 398 808)
1020 347 1090 386 cres-

97 426 162 465 cere
175 415 316 480 nequeunt
327 414 354 464 01
365 410 460 480 fruges
473 409 642 480 arbustaque
655 414 681 464 et
694 410 839 482 animalia,
857 427 975 482 quorum
993 416 1096 485 pabula

97 495 275 563 suntlruges.

157 579 188 631 lu
206 576 250 631 his
268 576 350 648 igitur
370 582 453 646 atque
467 577 496 631 in
508 577 612 647 aliquot
631 577 692 632 aliis
711 579 846 649 exemplis
864 596 926 634 cum
938 597 956 635 0
969 582 1097 636 codicum

96 660 195 716 ordine
211 659 490 716 contraLachmanni
509 661 739 732 transpositiones
756 662 928 731 steterimus,
954 665 1095 721 rarissime

96 745 265 800 contrarium
285 743 385 799 accidit
404 750 433 798 ut
450 745 629 815 transpositio
646 745 709 800 visa
726 745 1014 803 sitLachmannIanae
1030 766 1095 805 ver-

94 830 194 885 borum
210 828 351 883 mutationi
367 835 522 898 praestare.
552 828 636 884 Velut
654 829 720 883 inde
736 845 753 883 a
770 846 856 886 versu
868 835 917 890 197
934 833 995 887 libri
1007 833 1096 903 quarti

95 914 224 984 leguntur
239 912 326 968 haec:

265 999 398 1057 praeterea
412 992 434 1040 si
445 1006 510 1054 quae
518 994 621 1058 penitus
632 992 781 1056 corpuscula
790 1008 874 1042 rernm

267 1076 299 1110 ex
309 1061 409 1125 altoque
420 1060 489 1110 loros
498 1062 643 1121 mittuntur,
653 1061 715 1110 solis
725 1063 761 1111 uti
770 1060 815 1110 lux

266 1145 296 1179 ac
306 1145 398 1195 vapor,
414 1129 477 1179 haec
486 1138 580 1195 puncto
589 1137 726 1180 cernuntur
734 1129 806 1195 lapsa
816 1131 867 1180 diei

198 1200 249 1252 200
266 1214 313 1264 par
322 1207 404 1248 totum
414 1198 478 1248 caeli
488 1200 599 1264 spatium
609 1197 750 1249 diffundere
759 1214 816 1249 sese

266 1282 364 1332 perque
374 1268 457 1317 volare
466 1282 536 1317 mare
546 1275 664 1317 00101100
674 1267 822 1330 caelumque
831 1269 925 1333 rigare.

94 1353 145 1409 Ubi
158 1340 286 1408 ‘foedum
305 1370 358 1408 nec
377 1354 524 1408 ferendum
535 1355 641 1410 vitium'
654 1353 757 1408 adesse
773 1354 844 1410 vidit
854 1354 1047 1409 Lachmannus
1066 1355 1093 1408 in

93 1455 121 1492 v.
142 1441 192 1494 201
214 1439 414 1510 caelumque
432 1439 542 1509 ripere,
565 1436 641 1508 quod
661 1443 725 1507 post
747 1441 840 1494 v.200
860 1439 958 1492 caeli
975 1441 1094 1508 spctatam

93 1520 186 1591 inepte
203 1507 386 1595 cariseioysi,
406 1536 575 1591 quamquam
593 1520 724 1592 coniungi
734 1521 873 1576 voeabula
884 1523 989 1576 caelum
999 1524 1095 1593 ripere

92 1619 149 1659 non
168 1605 257 1676 magis
277 1604 323 1659 hic
339 1603 488 1660 offensioni
505 1612 547 1660 est
571 1620 654 1675 quam
668 1603 703 1672 V,
720 1606 772 1661 593
789 1605 947 1676 coctumque
965 1607 1091 1676 rt'puado.

93 1675 224 1743 ‘Delevit'
241 1689 324 1759 igitur
338 1689 435 1743 vitium
458 1688 533 1743 istud
548 1676 713 1742 ‘scribendo
734 1687 928 1760 circumque
945 1691 1041 1760 ripere
1064 1689 1093 1743 id

92 1777 134 1826 est
145 1770 289 1842 undique!
320 1772 399 1827 Illam
417 1771 597 1827 mutationem
613 1787 649 1826 ne
662 1770 838 1826 admittamus
854 1772 1036 1843 prohibemur
1048 1789 1093 1828 ar·

92 1857 216 1925 gumenti
228 1857 423 1924 conclusione,
436 1872 509 1927 quae
519 1856 591 1911 haec
605 1861 661 1910 est:

263 1951 320 1986 oum
330 1937 456 1986 iaciuntur
466 1946 490 1986 et
500 1938 621 1987 emissum
630 1950 671 1986 res
682 1935 752 1984 nulla
762 1944 887 1994 moratur,

265 2006 332 2067 quod
341 2015 472 2071 superest,
482 2007 526 2055 ubi
536 2014 588 2054 tam
596 2003 694 2053 volucri
704 2004 807 2053 levitate
819 2003 945 2063 feruntur,

263 2088 346 2136 quone
357 2074 428 2123 vides
438 2074 513 2123 citius
523 2074 613 2122 debere
623 2081 647 2120 et
657 2070 758 2136 longius
768 2072 805 2120 110

195 2141 246 2192 205
264 2141 446 2207 multiplexque
456 2141 505 2190 loci
515 2143 627 2207 spatium
635 2147 805 2189 transcurrere
815 2140 904 2190 eodem

263 2218 377 2275 tempore
387 2226 436 2273 quo
446 2210 508 2260 solis
518 2208 666 2275 pervolgant
675 2207 771 2257 lumina
781 2209 887 2258 caelum.

90 2297 131 2351 lbi
144 2297 218 2352 enim
228 2314 257 2352 v·
269 2301 322 2355 206
332 2299 399 2352 solis
409 2298 575 2370 pervolgant
589 2298 692 2352 lumina
708 2299 844 2352 caelum
862 2297 902 2351 sic
922 2296 1034 2367 respicit
1053 2298 1090 2352 ad

91 2383 181 2436 solum
199 2400 228 2436 v.
239 2385 292 2438 200
313 2387 342 2435 ut
359 2382 434 2435 nulla
453 2383 644 2452 praecessisse
665 2379 795 2436 videatur
811 2381 897 2435 maris
910 2396 942 2434 ac
954 2388 1091 2435 terrarum

90 2465 207 2534 mentio,
221 2467 310 2536 qualis
322 2464 352 2519 fit
368 2467 395 2520 in
406 2482 493 2522 versu
504 2470 565 2523 201.
605 2465 697 2532 Quare
710 2465 786 2519 illum
795 2481 909 2520 versum
924 2469 1042 2521 20111011
1056 2482 1090 2519 co

89 2550 167 2619 loco,
178 2550 226 2606 ubi
238 2565 311 2604 nunc
324 2550 352 2603 in
365 2550 508 2605 codicibus
519 2549 634 2620 legitur,
655 2553 767 2619 aposita
778 2550 899 2619 positum
920 2565 984 2602 esse
997 2548 1090 2602 eristi-

88 2648 211 2702 mamus‚
226 2633 392 2704 praesertim
409 2649 472 2686 cum
490 2633 572 2686 etiam
589 2633 617 2685 in
631 2631 765 2701 proximis
783 2632 912 2687 versibus
925 2648 1024 2687 verum
1044 2649 1089 2686 or-

90 2714 182 2772 dinem
203 2716 376 2772 turbaverint
393 2715 497 2770 librarii
516 2717 558 2782 (v.
575 2713 688 2769 Lachm.
708 2715 736 2768 in
754 2717 871 2782 10195).
914 2716 980 2770 Illuc
997 2720 1090 2770 autem

88 2796 152 2854 euin
169 2800 328 2855 traiecimus
344 2800 390 2854 ubi
411 2815 447 2853 ne
464 2799 582 2854 litterula
606 2797 720 2867 quidem
739 2794 888 2853 1011101001)
901 2786 1090 2854 0111111ταύ10·

88 2879 187 2958 11ογ1ος
199 2886 281 2954 culpa
291 2888 375 2938 vacat
384 2889 449 2954 post
460 2887 488 2939 v'.
501 2886 565 2941 186:

261 2980 286 3028 iu
298 2993 347 3041 quo
357 2979 408 3027 iam
418 2992 510 3043 genere
521 2985 560 3026 est
570 2978 630 3027 solis
641 2979 685 3028 lux
695 2985 719 3026 et
728 2993 809 3042 vapor
819 2979 873 3028 eius

259 3055 394 3113 propterea
405 3049 464 3110 quia
475 3055 533 3095 sunt
544 3047 657 3112 eprimis
666 3047 735 3096 lacta
744 3048 861 3105 minutis,

192 3114 241 3165 185
260 3131 325 3180 quae
335 3117 408 3179 quasi
418 3116 544 3165 cuduntur
552 3131 649 3181 perque
658 3117 725 3165 00110
735 3115 895 3165 intervallum

260 3199 310 3234 nou
320 3184 436 3235 dubitant
445 3184 551 3234 transire
561 3186 677 3248 sequenti
688 3185 784 3234 concita
792 3183 869 3249 plaga

190 3253 238 3304 201
261 3268 356 3318 perque
367 3253 450 3303 volare
460 3268 528 3303 mere
538 3268 568 3303 ac
577 3261 656 3303 terras
667 3253 816 3316 caelumque
825 3255 919 3318 rigere.

85 3339 178 3410 Atque
195 3339 267 3396 haec
284 3341 397 3410 quidem
416 3340 552 3396 hactenus
572 3342 645 3396 dicta
663 3345 743 3394 sunto
762 3338 798 3395 de
810 3339 926 3410 singulis
946 3345 1086 3410 corrupte·

86 3424 175 3478 larum
187 3424 347 3497 generibus.
381 3424 531 3480 Praeterea
541 3428 664 3481 breviter
675 3423 730 3478 hoc
748 3424 810 3477 loco
821 3421 1012 3494 perstringere
1023 3439 1088 3495 per·
