<?xml version="1.0" encoding="UTF-8"?>
<!DOCTYPE html PUBLIC "-//W3C//DTD XHTML 1.0 Transitional//EN"
    "http://www.w3.org/TR/xhtml1/DTD/xhtml1-transitional.dtd">
<html xmlns="http://www.w3.org/1999/xhtml" xml:lang="en" lang="en">
 <head>
  <title>
</title>
<meta http-equiv="Content-Type" content="text/html;charset=utf-8" />
  <meta name='ocr-system' content='tesseract 3.04.00' />
  <meta name='ocr-capabilities' content='ocr_page ocr_carea ocr_par ocr_line ocrx_word'/>
</head>
<body>
  <div class='ocr_page' id='page_1' title='image "./tlucreticarider07carugoog_0128.png"; bbox 0 0 2288 3886; ppageno 0'>
   <div class='ocr_carea' id='block_1_1' title="bbox 117 189 636 254">
    <p class='ocr_par' dir='ltr' id='par_1_1' title="bbox 117 189 636 254">
     <span class='ocr_line' id='line_1_1' title="bbox 117 189 636 254; baseline -0.008 0"><span class='ocrx_word' id='word_1_1' title='bbox 117 189 177 254; x_wconf 78' lang='lat'><strong>108</strong></span> <span class='ocrx_word' id='word_1_2' title='bbox 596 189 636 250; x_wconf 92' lang='lat' dir='ltr'><strong>1v</strong></span> 
     </span>
    </p>
   </div>
   <div class='ocr_carea' id='block_1_2' title="bbox 98 356 1044 3546">
    <p class='ocr_par' dir='ltr' id='par_1_2' title="bbox 199 356 866 438">
     <span class='ocr_line' id='line_1_2' title="bbox 199 356 866 438; baseline -0.004 -19"><span class='ocrx_word' id='word_1_3' title='bbox 199 359 302 419; x_wconf 88' lang='lat' dir='ltr'><strong>diditur</strong></span> <span class='ocrx_word' id='word_1_4' title='bbox 313 369 342 419; x_wconf 92' lang='lat' dir='ltr'><strong>et</strong></span> <span class='ocrx_word' id='word_1_5' title='bbox 353 376 433 418; x_wconf 91' lang='lat' dir='ltr'><strong>rarae</strong></span> <span class='ocrx_word' id='word_1_6' title='bbox 445 356 587 438; x_wconf 86' lang='lat' dir='ltr'><strong>perplexa</strong></span> <span class='ocrx_word' id='word_1_7' title='bbox 597 357 732 418; x_wconf 82' lang='lat' dir='ltr'><strong>foramina</strong></span> <span class='ocrx_word' id='word_1_8' title='bbox 742 358 866 436; x_wconf 89' lang='lat' dir='ltr'><strong>linguae.</strong></span> 
     </span>
    </p>

    <p class='ocr_par' dir='ltr' id='par_1_3' title="bbox 136 441 930 859">
     <span class='ocr_line' id='line_1_3' title="bbox 136 441 850 521; baseline -0.01 -13"><span class='ocrx_word' id='word_1_9' title='bbox 136 453 189 509; x_wconf 74' lang='lat' dir='ltr'><strong>oto</strong></span> <span class='ocrx_word' id='word_1_10' title='bbox 199 443 257 517; x_wconf 78' lang='lat' dir='ltr'><strong>lanc</strong></span> <span class='ocrx_word' id='word_1_11' title='bbox 266 443 315 503; x_wconf 87' lang='lat' dir='ltr'><strong>ubi</strong></span> <span class='ocrx_word' id='word_1_12' title='bbox 326 441 402 504; x_wconf 84' lang='lat' dir='ltr'><strong>levia</strong></span> <span class='ocrx_word' id='word_1_13' title='bbox 413 450 478 501; x_wconf 89' lang='lat' dir='ltr'><strong>sunt</strong></span> <span class='ocrx_word' id='word_1_14' title='bbox 488 443 625 503; x_wconf 90' lang='lat' dir='ltr'><strong>manantis</strong></span> <span class='ocrx_word' id='word_1_15' title='bbox 638 459 760 521; x_wconf 90' lang='lat' dir='ltr'><strong>corpora</strong></span> <span class='ocrx_word' id='word_1_16' title='bbox 771 444 850 519; x_wconf 81' lang='lat' dir='ltr'><strong>suci,</strong></span> 
     </span>
     <span class='ocr_line' id='line_1_4' title="bbox 199 527 902 605; baseline -0.003 -16"><span class='ocrx_word' id='word_1_17' title='bbox 199 529 325 589; x_wconf 83' lang='lat' dir='ltr'><strong>suaviter</strong></span> <span class='ocrx_word' id='word_1_18' title='bbox 335 527 474 604; x_wconf 82' lang='lat' dir='ltr'><strong>attingunt</strong></span> <span class='ocrx_word' id='word_1_19' title='bbox 485 534 515 586; x_wconf 88' lang='lat' dir='ltr'><strong>et</strong></span> <span class='ocrx_word' id='word_1_20' title='bbox 526 527 651 586; x_wconf 85' lang='lat' dir='ltr'><strong>suaviter</strong></span> <span class='ocrx_word' id='word_1_21' title='bbox 663 527 754 586; x_wconf 88' lang='lat' dir='ltr'><strong>omnia</strong></span> <span class='ocrx_word' id='word_1_22' title='bbox 763 535 902 605; x_wconf 88' lang='lat' dir='ltr'><strong>tractant,</strong></span> 
     </span>
     <span class='ocr_line' id='line_1_5' title="bbox 199 608 789 689; baseline -0.002 -17"><span class='ocrx_word' id='word_1_23' title='bbox 199 610 292 672; x_wconf 91' lang='lat' dir='ltr'><strong>umida</strong></span> <span class='ocrx_word' id='word_1_24' title='bbox 301 609 408 688; x_wconf 89' lang='lat' dir='ltr'><strong>linguai</strong></span> <span class='ocrx_word' id='word_1_25' title='bbox 420 611 527 670; x_wconf 88' lang='lat' dir='ltr'><strong>circum</strong></span> <span class='ocrx_word' id='word_1_26' title='bbox 538 609 658 670; x_wconf 91' lang='lat' dir='ltr'><strong>sidentia</strong></span> <span class='ocrx_word' id='word_1_27' title='bbox 668 608 789 689; x_wconf 92' lang='lat' dir='ltr'><strong>templa:</strong></span> 
     </span>
     <span class='ocr_line' id='line_1_6' title="bbox 199 691 930 773; baseline -0.003 -17"><span class='ocrx_word' id='word_1_28' title='bbox 199 705 228 756; x_wconf 93' lang='lat' dir='ltr'><strong>at</strong></span> <span class='ocrx_word' id='word_1_29' title='bbox 240 703 339 755; x_wconf 86' lang='lat' dir='ltr'><strong>contra</strong></span> <span class='ocrx_word' id='word_1_30' title='bbox 348 702 478 773; x_wconf 80' lang='lat' dir='ltr'><strong>pungrmt</strong></span> <span class='ocrx_word' id='word_1_31' title='bbox 488 711 604 754; x_wconf 89' lang='lat' dir='ltr'><strong>sensum</strong></span> <span class='ocrx_word' id='word_1_32' title='bbox 615 691 799 773; x_wconf 80' lang='lat' dir='ltr'><strong>lacerantque</strong></span> <span class='ocrx_word' id='word_1_33' title='bbox 813 702 930 772; x_wconf 88' lang='lat' dir='ltr'><strong>coorta,</strong></span> 
     </span>
     <span class='ocr_line' id='line_1_7' title="bbox 200 775 927 859; baseline -0.001 -20"><span class='ocrx_word' id='word_1_34' title='bbox 200 788 305 859; x_wconf 89' lang='lat' dir='ltr'><strong>quanto</strong></span> <span class='ocrx_word' id='word_1_35' title='bbox 318 795 449 858; x_wconf 85' lang='lat' dir='ltr'><strong>quaeque</strong></span> <span class='ocrx_word' id='word_1_36' title='bbox 462 778 553 855; x_wconf 84' lang='lat' dir='ltr'><strong>magis</strong></span> <span class='ocrx_word' id='word_1_37' title='bbox 564 787 629 838; x_wconf 90' lang='lat' dir='ltr'><strong>sunt</strong></span> <span class='ocrx_word' id='word_1_38' title='bbox 640 778 795 857; x_wconf 85' lang='lat' dir='ltr'><strong>asperitate</strong></span> <span class='ocrx_word' id='word_1_39' title='bbox 804 775 927 857; x_wconf 88' lang='lat' dir='ltr'><strong>repleta.</strong></span> 
     </span>
    </p>

    <p class='ocr_par' dir='ltr' id='par_1_4' title="bbox 135 860 948 1278">
     <span class='ocr_line' id='line_1_8' title="bbox 135 860 801 942; baseline -0.006 -17"><span class='ocrx_word' id='word_1_40' title='bbox 135 873 187 926; x_wconf 73' lang='lat'><strong>625</strong></span> <span class='ocrx_word' id='word_1_41' title='bbox 200 863 304 924; x_wconf 92' lang='lat' dir='ltr'><strong>deinde</strong></span> <span class='ocrx_word' id='word_1_42' title='bbox 314 860 447 942; x_wconf 89' lang='lat' dir='ltr'><strong>voluptas</strong></span> <span class='ocrx_word' id='word_1_43' title='bbox 461 870 506 922; x_wconf 91' lang='lat' dir='ltr'><strong>est</strong></span> <span class='ocrx_word' id='word_1_44' title='bbox 518 880 535 922; x_wconf 88' lang='lat' dir='ltr'><strong>e</strong></span> <span class='ocrx_word' id='word_1_45' title='bbox 547 878 620 922; x_wconf 87' lang='lat' dir='ltr'><strong>suco</strong></span> <span class='ocrx_word' id='word_1_46' title='bbox 631 861 687 922; x_wconf 89' lang='lat' dir='ltr'><strong>line</strong></span> <span class='ocrx_word' id='word_1_47' title='bbox 697 861 801 941; x_wconf 90' lang='lat' dir='ltr'><strong>palati:</strong></span> 
     </span>
     <span class='ocr_line' id='line_1_9' title="bbox 201 945 893 1026; baseline -0.003 -18"><span class='ocrx_word' id='word_1_48' title='bbox 201 965 265 1008; x_wconf 92' lang='lat' dir='ltr'><strong>cum</strong></span> <span class='ocrx_word' id='word_1_49' title='bbox 276 963 346 1007; x_wconf 85' lang='lat' dir='ltr'><strong>vero</strong></span> <span class='ocrx_word' id='word_1_50' title='bbox 359 945 493 1009; x_wconf 87' lang='lat' dir='ltr'><strong>deorsum</strong></span> <span class='ocrx_word' id='word_1_51' title='bbox 503 963 557 1025; x_wconf 89' lang='lat' dir='ltr'><strong>per</strong></span> <span class='ocrx_word' id='word_1_52' title='bbox 567 945 667 1006; x_wconf 86' lang='lat' dir='ltr'><strong>lauces</strong></span> <span class='ocrx_word' id='word_1_53' title='bbox 678 947 893 1026; x_wconf 84' lang='lat' dir='ltr'><strong>praecipitavit,</strong></span> 
     </span>
     <span class='ocr_line' id='line_1_10' title="bbox 199 1028 927 1110; baseline -0.001 -20"><span class='ocrx_word' id='word_1_54' title='bbox 199 1030 276 1091; x_wconf 89' lang='lat' dir='ltr'><strong>nulla</strong></span> <span class='ocrx_word' id='word_1_55' title='bbox 289 1030 421 1110; x_wconf 86' lang='lat' dir='ltr'><strong>voluptas</strong></span> <span class='ocrx_word' id='word_1_56' title='bbox 433 1038 496 1107; x_wconf 88' lang='lat' dir='ltr'><strong>est,</strong></span> <span class='ocrx_word' id='word_1_57' title='bbox 509 1029 575 1089; x_wconf 92' lang='lat' dir='ltr'><strong>dum</strong></span> <span class='ocrx_word' id='word_1_58' title='bbox 585 1028 689 1090; x_wconf 89' lang='lat' dir='ltr'><strong>diditur</strong></span> <span class='ocrx_word' id='word_1_59' title='bbox 700 1031 790 1090; x_wconf 89' lang='lat' dir='ltr'><strong>omnis</strong></span> <span class='ocrx_word' id='word_1_60' title='bbox 800 1031 828 1089; x_wconf 94' lang='lat' dir='ltr'><strong>in</strong></span> <span class='ocrx_word' id='word_1_61' title='bbox 839 1039 927 1092; x_wconf 78' lang='lat' dir='ltr'><strong>amus.</strong></span> 
     </span>
     <span class='ocr_line' id='line_1_11' title="bbox 199 1113 911 1194; baseline -0.004 -18"><span class='ocrx_word' id='word_1_62' title='bbox 199 1134 255 1176; x_wconf 93' lang='lat' dir='ltr'><strong>nec</strong></span> <span class='ocrx_word' id='word_1_63' title='bbox 266 1114 356 1175; x_wconf 80' lang='lat' dir='ltr'>refert</span> <span class='ocrx_word' id='word_1_64' title='bbox 368 1116 519 1194; x_wconf 84' lang='lat' dir='ltr'><strong>quicquam</strong></span> <span class='ocrx_word' id='word_1_65' title='bbox 530 1131 587 1192; x_wconf 88' lang='lat' dir='ltr'><strong>quo</strong></span> <span class='ocrx_word' id='word_1_66' title='bbox 598 1115 676 1173; x_wconf 84' lang='lat' dir='ltr'><strong>rictu</strong></span> <span class='ocrx_word' id='word_1_67' title='bbox 688 1130 793 1194; x_wconf 90' lang='lat' dir='ltr'><strong>corpus</strong></span> <span class='ocrx_word' id='word_1_68' title='bbox 804 1113 911 1193; x_wconf 89' lang='lat' dir='ltr'><strong>alatur,</strong></span> 
     </span>
     <span class='ocr_line' id='line_1_12' title="bbox 200 1197 948 1278; baseline 0.001 -19"><span class='ocrx_word' id='word_1_69' title='bbox 200 1198 349 1260; x_wconf 90' lang='lat' dir='ltr'><strong>dummodo</strong></span> <span class='ocrx_word' id='word_1_70' title='bbox 362 1197 438 1278; x_wconf 90' lang='lat' dir='ltr'><strong>quod</strong></span> <span class='ocrx_word' id='word_1_71' title='bbox 451 1199 545 1276; x_wconf 86' lang='lat' dir='ltr'><strong>capies</strong></span> <span class='ocrx_word' id='word_1_72' title='bbox 558 1206 729 1258; x_wconf 76' lang='lat' dir='ltr'><strong>concoctum</strong></span> <span class='ocrx_word' id='word_1_73' title='bbox 740 1197 838 1258; x_wconf 93' lang='lat' dir='ltr'><strong>didere</strong></span> <span class='ocrx_word' id='word_1_74' title='bbox 850 1200 948 1277; x_wconf 86' lang='lat' dir='ltr'><strong>possis</strong></span> 
     </span>
    </p>

    <p class='ocr_par' dir='ltr' id='par_1_5' title="bbox 136 1281 952 1346">
     <span class='ocr_line' id='line_1_13' title="bbox 136 1281 952 1346; baseline -0.006 0"><span class='ocrx_word' id='word_1_75' title='bbox 136 1290 188 1346; x_wconf 83' lang='grc'><strong>530</strong></span> <span class='ocrx_word' id='word_1_76' title='bbox 199 1283 315 1346; x_wconf 87' lang='lat' dir='ltr'><strong>artubus</strong></span> <span class='ocrx_word' id='word_1_77' title='bbox 328 1290 357 1343; x_wconf 94' lang='lat' dir='ltr'><strong>et</strong></span> <span class='ocrx_word' id='word_1_78' title='bbox 368 1281 506 1344; x_wconf 76' lang='lat' dir='ltr'><strong>stomachi</strong></span> <span class='ocrx_word' id='word_1_79' title='bbox 517 1281 670 1341; x_wconf 92' lang='lat' dir='ltr'><strong>umidulum</strong></span> <span class='ocrx_word' id='word_1_80' title='bbox 685 1299 802 1343; x_wconf 83' lang='lat' dir='ltr'><strong>servare</strong></span> <span class='ocrx_word' id='word_1_81' title='bbox 813 1291 952 1342; x_wconf 90' lang='lat' dir='ltr'><strong>tenorem.</strong></span> 
     </span>
    </p>

    <p class='ocr_par' dir='ltr' id='par_1_6' title="bbox 200 1365 1044 1697">
     <span class='ocr_line' id='line_1_14' title="bbox 242 1365 886 1446; baseline 0 -20"><span class='ocrx_word' id='word_1_82' title='bbox 242 1365 326 1427; x_wconf 88' lang='lat' dir='ltr'><strong>Nunc</strong></span> <span class='ocrx_word' id='word_1_83' title='bbox 336 1365 398 1428; x_wconf 92' lang='lat' dir='ltr'><strong>aliis</strong></span> <span class='ocrx_word' id='word_1_84' title='bbox 410 1365 481 1427; x_wconf 89' lang='lat' dir='ltr'><strong>alius</strong></span> <span class='ocrx_word' id='word_1_85' title='bbox 494 1367 541 1444; x_wconf 83' lang='lat' dir='ltr'><strong>qui</strong></span> <span class='ocrx_word' id='word_1_86' title='bbox 552 1367 589 1426; x_wconf 93' lang='lat' dir='ltr'><strong>sit</strong></span> <span class='ocrx_word' id='word_1_87' title='bbox 601 1366 676 1426; x_wconf 91' lang='lat' dir='ltr'><strong>cibu’</strong></span> <span class='ocrx_word' id='word_1_88' title='bbox 689 1365 886 1446; x_wconf 75' lang='lat' dir='ltr'><strong>suppeditatas</strong></span> 
     </span>
     <span class='ocr_line' id='line_1_15' title="bbox 201 1449 1044 1531; baseline -0.004 -18"><span class='ocrx_word' id='word_1_89' title='bbox 201 1451 369 1531; x_wconf 82' lang='lat' dir='ltr'><strong>expediam,</strong></span> <span class='ocrx_word' id='word_1_90' title='bbox 382 1467 525 1530; x_wconf 78' lang='lat' dir='ltr'><strong>quareve,</strong></span> <span class='ocrx_word' id='word_1_91' title='bbox 537 1449 600 1510; x_wconf 90' lang='lat' dir='ltr'><strong>aliis</strong></span> <span class='ocrx_word' id='word_1_92' title='bbox 612 1449 688 1528; x_wconf 87' lang='lat' dir='ltr'><strong>quod</strong></span> <span class='ocrx_word' id='word_1_93' title='bbox 699 1452 780 1512; x_wconf 90' lang='lat' dir='ltr'><strong>triste</strong></span> <span class='ocrx_word' id='word_1_94' title='bbox 793 1459 822 1510; x_wconf 90' lang='lat' dir='ltr'><strong>et</strong></span> <span class='ocrx_word' id='word_1_95' title='bbox 833 1459 1003 1528; x_wconf 88' lang='lat' dir='ltr'><strong>amarnmst,</strong></span> <span class='ocrx_word' id='word_1_96' title='bbox 1037 1524 1044 1531; x_wconf 35' lang='grc'><strong>,</strong></span> 
     </span>
     <span class='ocr_line' id='line_1_16' title="bbox 200 1532 946 1613; baseline -0.001 -19"><span class='ocrx_word' id='word_1_97' title='bbox 200 1534 257 1595; x_wconf 89' lang='lat' dir='ltr'><strong>hoc</strong></span> <span class='ocrx_word' id='word_1_98' title='bbox 269 1542 363 1594; x_wconf 87' lang='lat' dir='ltr'><strong>tamen</strong></span> <span class='ocrx_word' id='word_1_99' title='bbox 375 1552 442 1594; x_wconf 90' lang='lat' dir='ltr'><strong>esse</strong></span> <span class='ocrx_word' id='word_1_100' title='bbox 453 1532 516 1593; x_wconf 90' lang='lat' dir='ltr'><strong>aliis</strong></span> <span class='ocrx_word' id='word_1_101' title='bbox 526 1535 620 1612; x_wconf 91' lang='lat' dir='ltr'><strong>possit</strong></span> <span class='ocrx_word' id='word_1_102' title='bbox 630 1533 769 1612; x_wconf 86' lang='lat' dir='ltr'><strong>perdulce</strong></span> <span class='ocrx_word' id='word_1_103' title='bbox 781 1533 888 1613; x_wconf 83' lang='lat' dir='ltr'><strong>videri,</strong></span> <span class='ocrx_word' id='word_1_104' title='bbox 941 1569 946 1576; x_wconf 87' lang='lat'><strong>·</strong></span> 
     </span>
     <span class='ocr_line' id='line_1_17' title="bbox 200 1616 896 1697; baseline -0.001 -18"><span class='ocrx_word' id='word_1_105' title='bbox 200 1627 334 1696; x_wconf 80' lang='lat' dir='ltr'><strong>tantaque</strong></span> <span class='ocrx_word' id='word_1_106' title='bbox 345 1619 374 1676; x_wconf 93' lang='lat' dir='ltr'><strong>in</strong></span> <span class='ocrx_word' id='word_1_107' title='bbox 384 1616 429 1678; x_wconf 89' lang='lat' dir='ltr'><strong>his</strong></span> <span class='ocrx_word' id='word_1_108' title='bbox 440 1617 528 1678; x_wconf 85' lang='lat' dir='ltr'><strong>rebus</strong></span> <span class='ocrx_word' id='word_1_109' title='bbox 540 1616 669 1678; x_wconf 86' lang='lat' dir='ltr'><strong>distantia</strong></span> <span class='ocrx_word' id='word_1_110' title='bbox 683 1617 896 1697; x_wconf 78' lang='lat' dir='ltr'><strong>differitasque,</strong></span> 
     </span>
    </p>

    <p class='ocr_par' dir='ltr' id='par_1_7' title="bbox 137 1699 981 2118">
     <span class='ocr_line' id='line_1_18' title="bbox 137 1699 981 1782; baseline 0.001 -17"><span class='ocrx_word' id='word_1_111' title='bbox 137 1710 189 1766; x_wconf 85' lang='grc'><strong>635</strong></span> <span class='ocrx_word' id='word_1_112' title='bbox 202 1713 231 1763; x_wconf 89' lang='lat' dir='ltr'><strong>ut</strong></span> <span class='ocrx_word' id='word_1_113' title='bbox 244 1701 320 1782; x_wconf 84' lang='lat' dir='ltr'><strong>quod</strong></span> <span class='ocrx_word' id='word_1_114' title='bbox 330 1699 368 1762; x_wconf 87' lang='lat' dir='ltr'><strong>ali</strong></span> <span class='ocrx_word' id='word_1_115' title='bbox 381 1702 461 1762; x_wconf 92' lang='lat' dir='ltr'><strong>oihus</strong></span> <span class='ocrx_word' id='word_1_116' title='bbox 473 1709 519 1762; x_wconf 92' lang='lat' dir='ltr'><strong>est</strong></span> <span class='ocrx_word' id='word_1_117' title='bbox 530 1700 593 1762; x_wconf 89' lang='lat' dir='ltr'><strong>aliis</strong></span> <span class='ocrx_word' id='word_1_118' title='bbox 604 1700 663 1761; x_wconf 89' lang='lat' dir='ltr'><strong>iuat</strong></span> <span class='ocrx_word' id='word_1_119' title='bbox 675 1720 742 1762; x_wconf 91' lang='lat' dir='ltr'><strong>acre</strong></span> <span class='ocrx_word' id='word_1_120' title='bbox 751 1719 909 1779; x_wconf 85' lang='lat' dir='ltr'><strong>venenum,</strong></span> <span class='ocrx_word' id='word_1_121' title='bbox 979 1762 981 1766; x_wconf 87' lang='lat'>.</span> 
     </span>
     <span class='ocr_line' id='line_1_19' title="bbox 202 1785 918 1865; baseline 0 -19"><span class='ocrx_word' id='word_1_122' title='bbox 202 1786 314 1848; x_wconf 92' lang='lat' dir='ltr'><strong>dedicat</strong></span> <span class='ocrx_word' id='word_1_123' title='bbox 325 1795 356 1846; x_wconf 92' lang='lat' dir='ltr'><strong>ut</strong></span> <span class='ocrx_word' id='word_1_124' title='bbox 367 1804 508 1865; x_wconf 88' lang='lat' dir='ltr'><strong>serpens,</strong></span> <span class='ocrx_word' id='word_1_125' title='bbox 520 1785 640 1846; x_wconf 88' lang='lat' dir='ltr'><strong>hominis</strong></span> <span class='ocrx_word' id='word_1_126' title='bbox 652 1804 725 1865; x_wconf 89' lang='lat' dir='ltr'><strong>quae</strong></span> <span class='ocrx_word' id='word_1_127' title='bbox 736 1795 811 1847; x_wconf 89' lang='lat' dir='ltr'><strong>tacta</strong></span> <span class='ocrx_word' id='word_1_128' title='bbox 821 1785 918 1847; x_wconf 84' lang='lat' dir='ltr'><strong>saliuis</strong></span> 
     </span>
     <span class='ocr_line' id='line_1_20' title="bbox 202 1870 826 1951; baseline -0.002 -20"><span class='ocrx_word' id='word_1_129' title='bbox 202 1872 322 1951; x_wconf 91' lang='lat' dir='ltr'><strong>disperit</strong></span> <span class='ocrx_word' id='word_1_130' title='bbox 333 1889 368 1931; x_wconf 87' lang='lat' dir='ltr'><strong>ac</strong></span> <span class='ocrx_word' id='word_1_131' title='bbox 379 1889 447 1932; x_wconf 91' lang='lat' dir='ltr'><strong>sese</strong></span> <span class='ocrx_word' id='word_1_132' title='bbox 459 1870 617 1930; x_wconf 87' lang='lat' dir='ltr'><strong>mandendo</strong></span> <span class='ocrx_word' id='word_1_133' title='bbox 630 1871 745 1931; x_wconf 89' lang='lat' dir='ltr'><strong>coniicit</strong></span> <span class='ocrx_word' id='word_1_134' title='bbox 755 1873 826 1949; x_wconf 89' lang='lat' dir='ltr'><strong>ipsa.</strong></span> 
     </span>
     <span class='ocr_line' id='line_1_21' title="bbox 200 1955 902 2036; baseline -0.004 -21"><span class='ocrx_word' id='word_1_135' title='bbox 200 1965 351 2036; x_wconf 88' lang='lat' dir='ltr'><strong>praeterea</strong></span> <span class='ocrx_word' id='word_1_136' title='bbox 360 1955 444 2015; x_wconf 87' lang='lat' dir='ltr'><strong>nobis</strong></span> <span class='ocrx_word' id='word_1_137' title='bbox 454 1963 596 2014; x_wconf 87' lang='lat' dir='ltr'><strong>veratrum</strong></span> <span class='ocrx_word' id='word_1_138' title='bbox 609 1964 655 2015; x_wconf 91' lang='lat' dir='ltr'><strong>est</strong></span> <span class='ocrx_word' id='word_1_139' title='bbox 667 1972 734 2015; x_wconf 83' lang='lat' dir='ltr'><strong>aere</strong></span> <span class='ocrx_word' id='word_1_140' title='bbox 745 1971 902 2030; x_wconf 84' lang='lat' dir='ltr'><strong>venenum,</strong></span> 
     </span>
     <span class='ocr_line' id='line_1_22' title="bbox 201 2038 799 2118; baseline -0.007 -18"><span class='ocrx_word' id='word_1_141' title='bbox 201 2049 229 2100; x_wconf 91' lang='lat' dir='ltr'><strong>at</strong></span> <span class='ocrx_word' id='word_1_142' title='bbox 241 2041 334 2118; x_wconf 90' lang='lat' dir='ltr'><strong>capris</strong></span> <span class='ocrx_word' id='word_1_143' title='bbox 345 2038 446 2117; x_wconf 91' lang='lat' dir='ltr'><strong>adipes</strong></span> <span class='ocrx_word' id='word_1_144' title='bbox 456 2046 487 2098; x_wconf 92' lang='lat' dir='ltr'><strong>et</strong></span> <span class='ocrx_word' id='word_1_145' title='bbox 499 2038 692 2098; x_wconf 80' lang='lat' dir='ltr'><strong>cotumiciltus</strong></span> <span class='ocrx_word' id='word_1_146' title='bbox 704 2046 799 2115; x_wconf 86' lang='lat' dir='ltr'><strong>auget.</strong></span> 
     </span>
    </p>

    <p class='ocr_par' dir='ltr' id='par_1_8' title="bbox 138 2120 1024 2536">
     <span class='ocr_line' id='line_1_23' title="bbox 138 2120 867 2201; baseline -0.007 -15"><span class='ocrx_word' id='word_1_147' title='bbox 138 2131 191 2186; x_wconf 77' lang='lat'><strong>640</strong></span> <span class='ocrx_word' id='word_1_148' title='bbox 201 2133 233 2182; x_wconf 92' lang='lat' dir='ltr'><strong>ut</strong></span> <span class='ocrx_word' id='word_1_149' title='bbox 245 2122 347 2201; x_wconf 83' lang='lat' dir='ltr'><strong>quibus</strong></span> <span class='ocrx_word' id='word_1_150' title='bbox 360 2120 389 2180; x_wconf 94' lang='lat' dir='ltr'><strong>id</strong></span> <span class='ocrx_word' id='word_1_151' title='bbox 400 2121 447 2180; x_wconf 90' lang='lat' dir='ltr'><strong>liat</strong></span> <span class='ocrx_word' id='word_1_152' title='bbox 458 2120 545 2182; x_wconf 91' lang='lat' dir='ltr'><strong>rebus</strong></span> <span class='ocrx_word' id='word_1_153' title='bbox 558 2138 739 2199; x_wconf 83' lang='lat' dir='ltr'><strong>cognoscere</strong></span> <span class='ocrx_word' id='word_1_154' title='bbox 753 2124 867 2201; x_wconf 88' lang='lat' dir='ltr'><strong>possis,</strong></span> 
     </span>
     <span class='ocr_line' id='line_1_24' title="bbox 201 2204 927 2287; baseline -0.001 -22"><span class='ocrx_word' id='word_1_155' title='bbox 201 2206 342 2287; x_wconf 89' lang='lat' dir='ltr'><strong>principio</strong></span> <span class='ocrx_word' id='word_1_156' title='bbox 354 2205 516 2265; x_wconf 87' lang='lat' dir='ltr'><strong>meminisse</strong></span> <span class='ocrx_word' id='word_1_157' title='bbox 529 2204 615 2265; x_wconf 87' lang='lat' dir='ltr'><strong>decet</strong></span> <span class='ocrx_word' id='word_1_158' title='bbox 626 2223 699 2284; x_wconf 86' lang='lat' dir='ltr'><strong>quae</strong></span> <span class='ocrx_word' id='word_1_159' title='bbox 711 2205 830 2266; x_wconf 84' lang='lat' dir='ltr'><strong>diximus</strong></span> <span class='ocrx_word' id='word_1_160' title='bbox 845 2214 927 2282; x_wconf 89' lang='lat' dir='ltr'><strong>ante,</strong></span> 
     </span>
     <span class='ocr_line' id='line_1_25' title="bbox 201 2286 834 2352; baseline -0.005 0"><span class='ocrx_word' id='word_1_161' title='bbox 201 2291 309 2352; x_wconf 88' lang='lat' dir='ltr'><strong>semina</strong></span> <span class='ocrx_word' id='word_1_162' title='bbox 319 2286 489 2350; x_wconf 89' lang='lat' dir='ltr'><strong>multimodis</strong></span> <span class='ocrx_word' id='word_1_163' title='bbox 500 2291 529 2349; x_wconf 92' lang='lat' dir='ltr'><strong>in</strong></span> <span class='ocrx_word' id='word_1_164' title='bbox 539 2291 626 2351; x_wconf 89' lang='lat' dir='ltr'><strong>rebus</strong></span> <span class='ocrx_word' id='word_1_165' title='bbox 638 2291 723 2350; x_wconf 85' lang='lat' dir='ltr'><strong>mixta</strong></span> <span class='ocrx_word' id='word_1_166' title='bbox 734 2292 834 2351; x_wconf 89' lang='lat' dir='ltr'><strong>teneri.</strong></span> 
     </span>
     <span class='ocr_line' id='line_1_26' title="bbox 200 2375 1024 2455; baseline 0 -20"><span class='ocrx_word' id='word_1_167' title='bbox 200 2391 287 2455; x_wconf 91' lang='lat' dir='ltr'><strong>porro</strong></span> <span class='ocrx_word' id='word_1_168' title='bbox 300 2391 399 2435; x_wconf 89' lang='lat' dir='ltr'><strong>omnes</strong></span> <span class='ocrx_word' id='word_1_169' title='bbox 411 2392 607 2453; x_wconf 81' lang='lat' dir='ltr'><strong>quaecumque</strong></span> <span class='ocrx_word' id='word_1_170' title='bbox 620 2375 713 2435; x_wconf 86' lang='lat' dir='ltr'><strong>cibum</strong></span> <span class='ocrx_word' id='word_1_171' title='bbox 729 2376 842 2454; x_wconf 90' lang='lat' dir='ltr'><strong>capiunt</strong></span> <span class='ocrx_word' id='word_1_172' title='bbox 852 2375 1024 2453; x_wconf 86' lang='lat' dir='ltr'><strong>animantes,</strong></span> 
     </span>
     <span class='ocr_line' id='line_1_27' title="bbox 200 2457 871 2536; baseline 0.004 -18"><span class='ocrx_word' id='word_1_173' title='bbox 200 2468 231 2520; x_wconf 92' lang='lat' dir='ltr'><strong>ut</strong></span> <span class='ocrx_word' id='word_1_174' title='bbox 243 2467 308 2520; x_wconf 90' lang='lat' dir='ltr'><strong>sunt</strong></span> <span class='ocrx_word' id='word_1_175' title='bbox 320 2457 472 2520; x_wconf 89' lang='lat' dir='ltr'><strong>dissimiles</strong></span> <span class='ocrx_word' id='word_1_176' title='bbox 484 2461 663 2520; x_wconf 83' lang='lat' dir='ltr'><strong>extrinsecus</strong></span> <span class='ocrx_word' id='word_1_177' title='bbox 675 2468 704 2519; x_wconf 90' lang='lat' dir='ltr'><strong>et</strong></span> <span class='ocrx_word' id='word_1_178' title='bbox 715 2460 871 2536; x_wconf 79' lang='lat' dir='ltr'><strong>generatim</strong></span> 
     </span>
    </p>

    <p class='ocr_par' dir='ltr' id='par_1_9' title="bbox 137 2543 938 2959">
     <span class='ocr_line' id='line_1_28' title="bbox 137 2543 905 2620; baseline -0.007 -14"><span class='ocrx_word' id='word_1_179' title='bbox 137 2552 189 2605; x_wconf 82' lang='lat'><strong>645</strong></span> <span class='ocrx_word' id='word_1_180' title='bbox 201 2546 304 2605; x_wconf 84' lang='lat' dir='ltr'><strong>extima</strong></span> <span class='ocrx_word' id='word_1_181' title='bbox 314 2543 504 2603; x_wconf 90' lang='lat' dir='ltr'><strong>membromm</strong></span> <span class='ocrx_word' id='word_1_182' title='bbox 518 2544 624 2603; x_wconf 89' lang='lat' dir='ltr'><strong>circum</strong></span> <span class='ocrx_word' id='word_1_183' title='bbox 639 2561 758 2604; x_wconf 89' lang='lat' dir='ltr'><strong>caesura</strong></span> <span class='ocrx_word' id='word_1_184' title='bbox 769 2551 905 2620; x_wconf 71' lang='lat' dir='ltr'><strong>coercet,</strong></span> 
     </span>
     <span class='ocr_line' id='line_1_29' title="bbox 201 2626 924 2708; baseline 0 -22"><span class='ocrx_word' id='word_1_185' title='bbox 201 2627 321 2708; x_wconf 92' lang='lat' dir='ltr'><strong>proinde</strong></span> <span class='ocrx_word' id='word_1_186' title='bbox 333 2645 371 2686; x_wconf 84' lang='lat' dir='ltr'><strong>ex</strong></span> <span class='ocrx_word' id='word_1_187' title='bbox 381 2626 535 2686; x_wconf 89' lang='lat' dir='ltr'><strong>seminibus</strong></span> <span class='ocrx_word' id='word_1_188' title='bbox 548 2635 678 2687; x_wconf 89' lang='lat' dir='ltr'><strong>constant</strong></span> <span class='ocrx_word' id='word_1_189' title='bbox 689 2629 814 2689; x_wconf 85' lang='lat' dir='ltr'><strong>variante</strong></span> <span class='ocrx_word' id='word_1_190' title='bbox 825 2627 924 2704; x_wconf 86' lang='lat' dir='ltr'><strong>ligura.</strong></span> 
     </span>
     <span class='ocr_line' id='line_1_30' title="bbox 202 2708 909 2788; baseline -0.003 -16"><span class='ocrx_word' id='word_1_191' title='bbox 202 2713 309 2772; x_wconf 89' lang='lat' dir='ltr'><strong>semina</strong></span> <span class='ocrx_word' id='word_1_192' title='bbox 321 2727 385 2769; x_wconf 91' lang='lat' dir='ltr'><strong>oum</strong></span> <span class='ocrx_word' id='word_1_193' title='bbox 395 2726 482 2788; x_wconf 90' lang='lat' dir='ltr'><strong>porro</strong></span> <span class='ocrx_word' id='word_1_194' title='bbox 495 2708 616 2786; x_wconf 90' lang='lat' dir='ltr'><strong>distent,</strong></span> <span class='ocrx_word' id='word_1_195' title='bbox 629 2709 743 2770; x_wconf 80' lang='lat' dir='ltr'><strong>differre</strong></span> <span class='ocrx_word' id='word_1_196' title='bbox 755 2720 909 2772; x_wconf 88' lang='lat' dir='ltr'><strong>necessest</strong></span> 
     </span>
     <span class='ocr_line' id='line_1_31' title="bbox 201 2791 938 2874; baseline 0.003 -20"><span class='ocrx_word' id='word_1_197' title='bbox 201 2791 350 2855; x_wconf 84' lang='lat' dir='ltr'><strong>intervalla</strong></span> <span class='ocrx_word' id='word_1_198' title='bbox 360 2794 495 2871; x_wconf 83' lang='lat' dir='ltr'><strong>viasque,</strong></span> <span class='ocrx_word' id='word_1_199' title='bbox 507 2792 641 2853; x_wconf 78' lang='lat' dir='ltr'><strong>foramina</strong></span> <span class='ocrx_word' id='word_1_200' title='bbox 652 2812 725 2873; x_wconf 84' lang='lat' dir='ltr'><strong>quae</strong></span> <span class='ocrx_word' id='word_1_201' title='bbox 736 2794 938 2874; x_wconf 85' lang='lat' dir='ltr'><strong>perhibemus,</strong></span> 
     </span>
     <span class='ocr_line' id='line_1_32' title="bbox 202 2877 915 2959; baseline 0.001 -21"><span class='ocrx_word' id='word_1_202' title='bbox 202 2878 331 2938; x_wconf 92' lang='lat' dir='ltr'><strong>omnibus</strong></span> <span class='ocrx_word' id='word_1_203' title='bbox 343 2878 371 2936; x_wconf 93' lang='lat' dir='ltr'><strong>in</strong></span> <span class='ocrx_word' id='word_1_204' title='bbox 382 2877 515 2938; x_wconf 90' lang='lat' dir='ltr'><strong>membris</strong></span> <span class='ocrx_word' id='word_1_205' title='bbox 528 2886 557 2938; x_wconf 89' lang='lat' dir='ltr'><strong>et</strong></span> <span class='ocrx_word' id='word_1_206' title='bbox 568 2879 595 2937; x_wconf 91' lang='lat' dir='ltr'><strong>in</strong></span> <span class='ocrx_word' id='word_1_207' title='bbox 607 2894 658 2939; x_wconf 94' lang='lat' dir='ltr'><strong>ore</strong></span> <span class='ocrx_word' id='word_1_208' title='bbox 669 2881 792 2958; x_wconf 88' lang='lat' dir='ltr'><strong>ipsoque</strong></span> <span class='ocrx_word' id='word_1_209' title='bbox 803 2877 915 2959; x_wconf 88' lang='lat' dir='ltr'><strong>palato:</strong></span> 
     </span>
    </p>

    <p class='ocr_par' dir='ltr' id='par_1_10' title="bbox 138 2960 965 3126">
     <span class='ocr_line' id='line_1_33' title="bbox 138 2960 965 3042; baseline -0.002 -16"><span class='ocrx_word' id='word_1_210' title='bbox 138 2973 191 3027; x_wconf 86' lang='grc'><strong>550</strong></span> <span class='ocrx_word' id='word_1_211' title='bbox 203 2981 271 3023; x_wconf 90' lang='lat' dir='ltr'><strong>esse</strong></span> <span class='ocrx_word' id='word_1_212' title='bbox 285 2963 391 3021; x_wconf 89' lang='lat' dir='ltr'><strong>minora</strong></span> <span class='ocrx_word' id='word_1_213' title='bbox 403 2962 489 3038; x_wconf 86' lang='lat' dir='ltr'><strong>igitur</strong></span> <span class='ocrx_word' id='word_1_214' title='bbox 501 2960 636 3040; x_wconf 89' lang='lat' dir='ltr'><strong>quaedam</strong></span> <span class='ocrx_word' id='word_1_215' title='bbox 648 2965 811 3041; x_wconf 87' lang='lat' dir='ltr'><strong>maioraque</strong></span> <span class='ocrx_word' id='word_1_216' title='bbox 824 2961 946 3042; x_wconf 90' lang='lat' dir='ltr'><strong>debent,</strong></span> <span class='ocrx_word' id='word_1_217' title='bbox 962 2968 965 2974; x_wconf 85' lang='lat'>&#39;</span> 
     </span>
     <span class='ocr_line' id='line_1_34' title="bbox 203 3044 916 3126; baseline 0.001 -20"><span class='ocrx_word' id='word_1_218' title='bbox 203 3065 271 3107; x_wconf 87' lang='lat' dir='ltr'><strong>esse</strong></span> <span class='ocrx_word' id='word_1_219' title='bbox 282 3047 418 3124; x_wconf 86' lang='lat' dir='ltr'><strong>triquetra</strong></span> <span class='ocrx_word' id='word_1_220' title='bbox 429 3045 508 3122; x_wconf 88' lang='lat' dir='ltr'><strong>aliis,</strong></span> <span class='ocrx_word' id='word_1_221' title='bbox 524 3045 587 3106; x_wconf 88' lang='lat' dir='ltr'><strong>aliis</strong></span> <span class='ocrx_word' id='word_1_222' title='bbox 599 3044 733 3124; x_wconf 88' lang='lat' dir='ltr'><strong>quadrata</strong></span> <span class='ocrx_word' id='word_1_223' title='bbox 744 3056 916 3126; x_wconf 88' lang='lat' dir='ltr'><strong>necessest,</strong></span> 
     </span>
    </p>

    <p class='ocr_par' dir='ltr' id='par_1_11' title="bbox 98 3129 984 3382">
     <span class='ocr_line' id='line_1_35' title="bbox 98 3129 984 3210; baseline 0.002 -21"><span class='ocrx_word' id='word_1_224' title='bbox 98 3152 101 3157; x_wconf 94' lang='lat'>·</span> <span class='ocrx_word' id='word_1_225' title='bbox 201 3129 288 3191; x_wconf 90' lang='lat' dir='ltr'><strong>multa</strong></span> <span class='ocrx_word' id='word_1_226' title='bbox 300 3129 435 3206; x_wconf 89' lang='lat' dir='ltr'><strong>rutunda,</strong></span> <span class='ocrx_word' id='word_1_227' title='bbox 447 3129 537 3190; x_wconf 84' lang='lat' dir='ltr'><strong>modis</strong></span> <span class='ocrx_word' id='word_1_228' title='bbox 549 3129 643 3191; x_wconf 88' lang='lat' dir='ltr'><strong>multis</strong></span> <span class='ocrx_word' id='word_1_229' title='bbox 655 3129 827 3208; x_wconf 83' lang='lat' dir='ltr'><strong>multangula</strong></span> <span class='ocrx_word' id='word_1_230' title='bbox 839 3131 984 3210; x_wconf 84' lang='lat' dir='ltr'><strong>quaedum</strong></span> 
     </span>
     <span class='ocr_line' id='line_1_36' title="bbox 201 3215 960 3295; baseline 0.004 -22"><span class='ocrx_word' id='word_1_231' title='bbox 201 3232 321 3293; x_wconf 85' lang='lat' dir='ltr'><strong>namque</strong></span> <span class='ocrx_word' id='word_1_232' title='bbox 335 3215 485 3291; x_wconf 82' lang='lat' dir='ltr'><strong>figurarum</strong></span> <span class='ocrx_word' id='word_1_233' title='bbox 496 3215 567 3274; x_wconf 90' lang='lat' dir='ltr'><strong>ratio</strong></span> <span class='ocrx_word' id='word_1_234' title='bbox 579 3224 609 3274; x_wconf 90' lang='lat' dir='ltr'><strong>ut</strong></span> <span class='ocrx_word' id='word_1_235' title='bbox 620 3223 772 3293; x_wconf 89' lang='lat' dir='ltr'><strong>motusque</strong></span> <span class='ocrx_word' id='word_1_236' title='bbox 783 3225 960 3295; x_wconf 87' lang='lat' dir='ltr'><strong>reposcunt,</strong></span> 
     </span>
     <span class='ocr_line' id='line_1_37' title="bbox 202 3297 895 3382; baseline 0.003 -25"><span class='ocrx_word' id='word_1_237' title='bbox 202 3297 321 3378; x_wconf 93' lang='lat' dir='ltr'><strong>proinde</strong></span> <span class='ocrx_word' id='word_1_238' title='bbox 333 3299 514 3359; x_wconf 83' lang='lat' dir='ltr'><strong>foraminibus</strong></span> <span class='ocrx_word' id='word_1_239' title='bbox 527 3297 632 3359; x_wconf 94' lang='lat' dir='ltr'><strong>debent</strong></span> <span class='ocrx_word' id='word_1_240' title='bbox 644 3298 758 3359; x_wconf 80' lang='lat' dir='ltr'><strong>differre</strong></span> <span class='ocrx_word' id='word_1_241' title='bbox 770 3299 895 3382; x_wconf 83' lang='lat' dir='ltr'><strong>figurae,</strong></span> 
     </span>
    </p>

    <p class='ocr_par' dir='ltr' id='par_1_12' title="bbox 137 3381 907 3546">
     <span class='ocr_line' id='line_1_38' title="bbox 137 3381 869 3460; baseline -0.007 -15"><span class='ocrx_word' id='word_1_242' title='bbox 137 3390 189 3445; x_wconf 80' lang='grc'><strong>555</strong></span> <span class='ocrx_word' id='word_1_243' title='bbox 203 3389 232 3441; x_wconf 93' lang='lat' dir='ltr'><strong>et</strong></span> <span class='ocrx_word' id='word_1_244' title='bbox 242 3384 351 3442; x_wconf 75' lang='lat' dir='ltr'><strong>sanare</strong></span> <span class='ocrx_word' id='word_1_245' title='bbox 365 3383 428 3442; x_wconf 86' lang='lat' dir='ltr'><strong>viae</strong></span> <span class='ocrx_word' id='word_1_246' title='bbox 439 3381 558 3460; x_wconf 91' lang='lat' dir='ltr'><strong>proinde</strong></span> <span class='ocrx_word' id='word_1_247' title='bbox 570 3400 604 3441; x_wconf 90' lang='lat' dir='ltr'><strong>ao</strong></span> <span class='ocrx_word' id='word_1_248' title='bbox 615 3391 725 3443; x_wconf 85' lang='lat' dir='ltr'><strong>textura</strong></span> <span class='ocrx_word' id='word_1_249' title='bbox 742 3390 869 3443; x_wconf 72' lang='lat' dir='ltr'><strong>coercet.</strong></span> 
     </span>
     <span class='ocr_line' id='line_1_39' title="bbox 201 3464 907 3546; baseline 0.004 -21"><span class='ocrx_word' id='word_1_250' title='bbox 201 3465 260 3525; x_wconf 86' lang='lat' dir='ltr'><strong>hoc</strong></span> <span class='ocrx_word' id='word_1_251' title='bbox 270 3466 319 3527; x_wconf 91' lang='lat' dir='ltr'><strong>uhi</strong></span> <span class='ocrx_word' id='word_1_252' title='bbox 331 3466 408 3545; x_wconf 90' lang='lat' dir='ltr'><strong>quod</strong></span> <span class='ocrx_word' id='word_1_253' title='bbox 419 3483 506 3527; x_wconf 89' lang='lat' dir='ltr'><strong>suave</strong></span> <span class='ocrx_word' id='word_1_254' title='bbox 519 3474 565 3527; x_wconf 92' lang='lat' dir='ltr'><strong>est</strong></span> <span class='ocrx_word' id='word_1_255' title='bbox 576 3464 638 3527; x_wconf 88' lang='lat' dir='ltr'><strong>aliis</strong></span> <span class='ocrx_word' id='word_1_256' title='bbox 650 3465 712 3528; x_wconf 87' lang='lat' dir='ltr'><strong>aliis</strong></span> <span class='ocrx_word' id='word_1_257' title='bbox 728 3468 907 3546; x_wconf 89' lang='lat' dir='ltr'><strong>litamarom,</strong></span> 
     </span>
    </p>
   </div>
   <div class='ocr_carea' id='block_1_3' title="bbox 0 0 1153 3886">
    <p class='ocr_par' dir='ltr' id='par_1_13' title="bbox 0 0 1153 3886">
     <span class='ocr_line' id='line_1_40' title="bbox 0 0 1153 3886; baseline 0 0"><span class='ocrx_word' id='word_1_258' title='bbox 0 0 1153 3886; x_wconf 95' lang='lat' dir='ltr'><strong> </strong></span> 
     </span>
    </p>
   </div>
  </div>
 </body>
</html>
