2288 3886
117 165 178 231 172
594 163 634 224 Vl

201 331 359 413 perscindit
371 332 465 392 subito
477 332 599 409 nubem,
611 330 757 408 ferturque
768 331 898 392 coruscis

201 417 293 477 omnia
302 415 452 475 luminibus
466 414 588 475 lustrans
602 413 667 474 loca
677 415 805 493 percitus
817 413 910 474 ardor.

135 508 186 562 285
202 516 287 578 quem
297 499 392 576 gravis
404 499 562 578 insequitur
574 499 701 575 sonitus,
714 496 840 577 displosa
851 508 976 576 repente

202 581 378 642 occiderent
390 581 462 642 caeli
473 581 620 641 videantur
631 579 737 659 templa
747 598 882 660 superne.

200 665 267 726 inde
278 674 385 725 tremor
400 674 491 725 terras
500 667 626 742 graviter
637 673 825 744 pertemptat,
838 673 868 725 et
884 663 974 728 altum

201 765 340 808 murinum
351 759 520 827 percurrunt
532 747 656 808 caelum:
667 765 730 807 nam
744 757 803 808 tota
816 747 878 808 fere
893 758 953 808 tum

201 840 357 912 tempestus
370 850 510 892 concussa
521 833 615 892 tremit
626 831 810 910 fremitusque
822 840 984 893 moventur.

138 925 191 979 290
202 932 259 996 quo
272 915 307 976 de
320 933 463 976 concussu
478 918 607 993 sequitur
617 916 711 992 gravis
722 915 814 974 imber
826 924 855 975 et
866 915 957 992 uber,

203 1002 293 1060 omnis
305 1001 344 1059 uti
356 998 485 1059 videatur
495 1001 523 1058 in
535 999 653 1058 imbrem
664 1001 771 1058 vertier
781 998 881 1059 aether

203 1092 289 1161 atque
304 1085 342 1143 ita
355 1084 545 1162 praecipitans
557 1082 592 1141 ad
604 1081 737 1141 diluviem
751 1083 897 1142 revocari:

203 1176 296 1227 tantus
309 1165 428 1225 discidio
439 1166 521 1226 nubis
536 1168 672 1244 ventique
684 1164 813 1243 procella
929 1164 932 1170 ’

202 1252 334 1328 mittitur,
346 1250 454 1312 ardenti
465 1251 575 1310 sonitus
589 1267 652 1307 cum
664 1246 795 1327 provolat
806 1250 874 1308 ictu.

138 1343 189 1397 295
203 1343 247 1394 est
260 1336 343 1393 etiam
356 1351 420 1392 cum
431 1334 475 1393 vis
488 1334 667 1392 extrinsecus
680 1333 765 1391 incita
776 1334 853 1391 venti

203 1417 300 1476 incidit
312 1419 340 1474 in
353 1415 471 1476 calidam
483 1426 591 1475 maturo
603 1415 719 1475 fulmine
731 1415 850 1484 nubem;

204 1518 286 1578 quam
300 1517 364 1559 cum
375 1499 529 1578 perscidit,
542 1497 687 1577 extemplo
701 1499 774 1559 cudit
786 1500 887 1577 igneus
900 1499 953 1560 ille

201 1591 321 1659 vertex,
334 1600 419 1659 quem
430 1584 523 1660 patrio
533 1583 691 1643 vocitamus
704 1584 817 1642 nomine
829 1581 946 1642 fulmen.

203 1666 259 1725 hoc
272 1666 301 1725 fit
312 1665 386 1725 idem
398 1668 424 1724 in
435 1667 523 1744 partis
538 1665 624 1742 alias,
637 1683 819 1744 quocumque
830 1666 894 1726 tulit
905 1669 960 1727 vis.

138 1751 233 1813 300οι
246 1766 360 1828 qnoque
372 1759 403 1809 ut
417 1750 556 1809 interdum
569 1752 647 1809 venti
658 1752 702 1810 vis
712 1751 799 1810 missa
810 1752 872 1810 sine
884 1752 944 1827 igni

203 1836 324 1910 igniscat
335 1842 428 1893 tamen
439 1835 467 1892 in
479 1835 571 1913 spatio
582 1832 728 1911 longoque
740 1841 850 1911 meatu,

204 1936 267 1978 oum
278 1919 355 1977 venit
367 1919 496 1978 amittens
507 1919 535 1976 in
548 1935 632 1978 cursu
643 1933 764 1995 corpora
776 1916 913 1995 quaedam

204 2000 336 2077 grandia,
350 2005 422 2079 qua'e
433 2010 578 2078 nequeunt
589 2002 695 2079 pariter
705 2009 857 2078 penetrare
870 2019 924 2080 per
934 2021 1038 2083 auras,

203 2093 288 2161 atque
300 2082 354 2142 alin
367 2103 403 2143 ex
414 2086 478 2162 ipso
491 2084 649 2145 conradens
660 2089 729 2144 atre
741 2093 835 2164 portat

139 2177 192 2230 305
204 2165 337 2245 parvola,
351 2185 423 2245 quae
435 2167 542 2228 faciunt
553 2169 649 2246 ignem
661 2169 810 2228 commixta
822 2166 966 2237 volando:

203 2268 260 2311 non
271 2249 325 2310 alla
335 2249 423 2328 longe
434 2252 544 2311 ratione
556 2270 589 2311 ac
600 2251 733 2331 plumbea
744 2270 834 2331 saepe

203 2334 312 2396 fervida
323 2336 353 2394 iit
364 2334 445 2412 glans
457 2337 485 2394 in
497 2354 600 2413 cursu,
618 2338 680 2395 cum
693 2336 779 2396 multa
792 2338 896 2413 rigoris

205 2437 327 2498 corpora
339 2419 480 2480 dimittens
492 2422 588 2498 ignem
600 2422 734 2500 concepit
744 2422 772 2480 in
782 2423 867 2482 auris.

204 2505 234 2563 iit
247 2521 362 2582 quoque
376 2514 406 2564 ut
416 2505 506 2583 ipsius
522 2503 623 2584 plagae
635 2505 679 2564 vis
691 2505 798 2565 excitet
809 2508 923 2586 ignem,

140 2595 193 2648 310
204 2587 305 2665 frigida
317 2605 380 2646 cum
391 2589 469 2647 venti
480 2588 592 2666 pepulit
602 2590 646 2649 vis
661 2591 746 2649 missa
760 2590 821 2650 sine
837 2591 912 2669 igni,

202 2672 347 2746 nimirum,
361 2671 441 2747 quia,
455 2689 518 2730 cum
529 2675 653 2733 vementi
664 2671 788 2751 perculit
799 2674 875 2749 ictu,
938 2668 940 2673 ’

206 2751 350 2812 confluere
368 2771 405 2812 ex
417 2754 481 2832 ipso
492 2765 614 2832 possunt
625 2755 767 2816 elementa
777 2760 911 2836 vaporis,

204 2845 233 2896 et
245 2835 327 2897 simul
340 2855 377 2896 ex
391 2836 438 2896 illa
450 2855 522 2915 quae
534 2848 592 2899 tum
604 2858 651 2900 res
665 2842 771 2919 excipit
782 2842 883 2910 ictum;

204 2930 250 2998 ut,
262 2918 385 2999 lapidem
397 2921 474 2982 ferro
487 2941 549 2981 cum
562 2923 723 3001 caedimus,
736 2924 832 2984 evolat
843 2927 935 3003 ignis,

138 3011 191 3067 315
201 3024 273 3083 nec,
287 3004 363 3083 quod
378 3005 478 3082 frigida
490 3008 533 3067 vis
543 3006 657 3084 ferrlst,
671 3007 727 3067 hoc
739 3011 829 3071 setius
840 3008 882 3069 illi

204 3091 310 3149 semina
323 3100 493 3150 concurrunt
509 3089 591 3150 calidi
603 3090 723 3168 fulgoris
735 3093 770 3153 ed
784 3095 881 3155 ictum.

203 3175 246 3232 sic
258 3175 342 3250 igitur
354 3191 468 3252 qnoque
479 3192 526 3234 res
539 3174 658 3234 accendi
670 3175 786 3237 fulmine
799 3177 904 3256 debet,

203 3267 361 3333 opportuna
373 3257 424 3318 fuit
441 3260 464 3317 si
477 3258 550 3318 forte
562 3267 591 3317 et
601 3259 702 3319 idonea
714 3260 838 3321 dammis.

202 3356 258 3398 nec
272 3349 380 3400 temere
392 3344 503 3402 omnino
515 3342 598 3422 plene
610 3345 654 3404 vis
666 3343 767 3421 frigida
778 3347 855 3405 venti

137 3430 190 3485 320
202 3440 269 3483 esse
280 3433 396 3501 potest,
409 3443 442 3485 00
457 3444 529 3506 quae
540 3435 615 3488 tanta
625 3428 654 3487 vi
664 3430 750 3490 ndssa
761 3440 932 3512 supemest,
