2288 3886
116 194 159 258 50
606 193 633 252 ll

136 370 188 426 710
201 362 331 440 scilicet,
344 362 372 422 id
387 371 465 423 certa
476 361 536 420 ireri
548 362 655 421 ratione
669 369 830 421 necessust.

198 465 262 507 nam
274 464 325 508 sua
336 448 439 525 cuique
454 446 525 506 cibis
537 464 576 505 ex
587 445 716 505 omnibus
728 446 802 504 intus
816 445 843 503 in
856 453 932 505 artus

201 548 323 610 corpora
335 529 483 590 discedunt
496 546 663 608 conexaque
680 530 875 589 convenientis

200 615 328 676 elliciunt
338 622 446 674 motus:
459 622 487 674 at
498 624 596 674 contra
610 613 701 673 aliena
715 612 843 673 videmus

199 701 312 760 reicere
324 701 352 757 in
364 709 454 759 terras
466 706 608 776 naturam,
620 697 763 777 multaque
777 699 872 758 caecis

137 791 187 846 715
200 783 369 864 corporibus
379 783 491 861 lugiunt
503 802 520 842 e
534 800 674 861 corpore,
690 783 800 860 percita
812 780 923 861 plagis,

200 886 272 946 quae
283 886 377 946 neque
391 869 504 928 conecti
519 884 659 946 quoquam
675 873 797 945 potuere
810 884 904 944 neque
919 869 949 926 iu
964 887 999 928 se

198 952 291 1013 vitalis
303 962 395 1012 motus
408 953 571 1012 consentire
582 959 667 1028 atque
679 952 787 1011 imitari.

200 1036 252 1098 sed
266 1056 301 1096 ne
315 1036 390 1097 forte
405 1046 490 1114 putes
506 1034 633 1095 animalia
646 1034 708 1095 sola
719 1035 810 1094 teneri
871 1088 875 1098 .

198 1121 312 1198 legibus
324 1121 423 1198 hisce,
434 1119 533 1180 eadem
548 1121 618 1180 ratio
631 1119 804 1180 disterminat
816 1136 908 1178 omne.

135 1213 186 1268 tao
196 1223 258 1264 nam
269 1205 358 1264 veluti
369 1213 428 1264 tota
439 1213 535 1263 natura
547 1203 697 1264 dissimiles
710 1213 776 1264 sunt

196 1293 271 1350 inter
283 1308 317 1349 se
328 1290 442 1366 genitae
453 1306 501 1349 res
515 1306 662 1366 quaeque,
676 1290 713 1348 ita
726 1305 864 1367 quamque
877 1299 1042 1350 necessest

198 1373 325 1434 dissimili
337 1382 469 1433 constare
480 1373 570 1449 llgura
581 1374 798 1451 principiorum3

197 1476 253 1517 nen
267 1475 322 1534 quo
335 1455 420 1516 multa
431 1474 528 1535 parum
539 1456 622 1517 simili
634 1459 688 1517 sint
702 1455 829 1534 praedita
840 1455 948 1534 forma,

198 1541 250 1602 sed
265 1543 329 1620 quia
341 1559 397 1599 non
408 1539 496 1618 volgo
509 1542 585 1620 paria
598 1541 726 1601 omnibus
739 1542 830 1600 omnia
842 1547 995 1610 constent:

132 1633 183 1688 725
196 1627 304 1686 semina
319 1643 382 1684 cum
393 1642 479 1703 porro
495 1625 616 1702 distent,
629 1624 743 1685 differre
755 1631 908 1684 necessust

196 1708 360 1786 intervalla,
372 1712 449 1787 vias,
464 1727 610 1787 conexus,
624 1709 766 1790 pondera,
779 1707 897 1788 plagas,

196 1812 371 1872 concursus,
384 1803 492 1864 motus;
508 1812 580 1874 quae
592 1812 648 1855 non
660 1793 786 1853 animalia
798 1792 890 1853 solum

197 1896 318 1957 corpora
332 1881 501 1956 seiungunt,
517 1878 570 1939 sed
581 1889 671 1939 terras
684 1897 718 1938 ac
731 1895 808 1937 mare
823 1886 912 1937 totum

194 1973 348 2023 secernunt
360 1963 527 2041 caelumque
543 1965 652 2022 aterris
666 1981 748 2022 omne
763 1970 913 2022 retentant.

132 2053 183 2108 730
235 2043 318 2107 Nunc
330 2064 385 2122 age
397 2046 472 2106 dicta
482 2065 547 2107 meo
560 2045 636 2107 dulci
649 2049 776 2125 quaesita
787 2045 886 2106 labore

194 2132 332 2209 percipe,
343 2148 380 2189 ne
393 2130 467 2191 forte
479 2130 551 2192 haec
563 2130 635 2192 albis
649 2149 687 2190 ex
698 2129 761 2192 alba
772 2132 861 2191 rearis

194 2215 341 2293 principiis
354 2233 437 2292 esse,
450 2224 515 2275 ante
530 2215 631 2276 oculos
644 2234 716 2294 quae
729 2213 845 2275 eandida
857 2215 972 2294 cernis,

194 2307 240 2358 aut
253 2317 287 2359 ea
299 2317 371 2379 quae
383 2301 493 2378 nigrant
504 2302 585 2378 nigro
598 2299 632 2360 de
645 2301 753 2361 semine
764 2308 843 2368 nata;

192 2385 258 2443 nive
269 2383 354 2444 alium
365 2386 510 2463 quemvis,
524 2402 580 2463 quo
596 2394 661 2445 sunt
672 2384 768 2444 inbuta
780 2382 896 2460 colore,

130 2475 181 2530 735
192 2477 347 2548 propterea
357 2487 461 2546 gerere
475 2468 550 2529 hunc
564 2469 682 2546 credas,
697 2468 773 2548 quod
786 2468 911 2527 materiai

193 2570 315 2630 corpora
326 2552 464 2613 consimili
476 2554 531 2613 sint
546 2555 607 2613 eius
619 2555 705 2613 tincta
719 2552 833 2613 colore:

192 2634 286 2696 nullus
298 2637 372 2694 enim
384 2635 465 2695 color
476 2647 521 2697 est
532 2638 643 2697 omnino
654 2638 778 2696 materiai

193 2719 379 2797 corporibus,
392 2738 486 2799 neque
499 2739 550 2799 par
561 2722 647 2783 rebus
659 2740 753 2800 neque
768 2720 890 2799 denique
906 2722 1014 2802 dispar.

190 2804 219 2862 in
232 2821 304 2881 quae
318 2821 439 2883 corpora
453 2806 477 2864 si
488 2804 582 2866 nullus
593 2807 643 2866 tibi
655 2805 730 2866 forte
744 2805 857 2865 videtur

128 2893 179 2949 740
192 2905 281 2966 posse
295 2889 377 2948 animi
391 2890 512 2951 iniectus
524 2890 602 2968 lieri,
616 2889 717 2971 procul
730 2891 809 2950 avius
822 2907 910 2950 erras.

189 2989 253 3031 narn
264 2989 328 3031 cum
340 2976 503 3052 caecigeni,
516 2974 586 3036 solis
599 2977 645 3055 qui
659 2973 763 3034 lumina
773 2992 923 3052 numquam

189 3056 361 3135 dispexere,
380 3067 472 3119 tomen
484 3069 660 3138 cognoscant
674 3076 795 3138 corpora
806 3066 900 3138 tactu,

189 3143 264 3201 scire
280 3141 349 3201 lieet
361 3152 475 3204 nostrae
491 3162 606 3223 quoque
619 3145 704 3203 menti
718 3160 839 3222 corpora
853 3160 943 3222 posse

189 3227 262 3285 vorti
275 3228 303 3284 in
314 3227 439 3287 notitiam
450 3227 528 3288 nullo
542 3232 648 3289 circum
657 3228 706 3288 lita
717 3227 794 3288 fuco.

122 3313 175 3370 745
187 3308 309 3389 denique
321 3313 440 3389 nosipsi
457 3315 551 3373 caecis
564 3318 760 3393 quaecumque
771 3315 900 3376 tenebris

188 3396 344 3473 tangimus,
360 3395 434 3456 haud
448 3396 507 3457 ullo
520 3399 655 3458 sentimus
670 3399 757 3458 tincta
770 3395 879 3460 colore.

191 3477 266 3557 quod
282 3481 412 3558 quoniam
422 3483 507 3545 vinco
519 3482 581 3543 lieri
588 3528 597 3562 ,
610 3500 684 3543 nuno
696 3503 765 3545 esse
779 3483 894 3545 docebo
