2288 3886
540 185 554 245 l

134 373 194 415 asse
208 363 326 415 aeterna
337 362 452 433 potest,
467 373 530 415 oum
546 366 643 417 cetera
656 358 853 419 dissoluantur.

82 444 123 498 tto
131 447 183 499 tum
193 455 281 518 porro
296 440 320 498 si
332 437 370 497 nil
383 447 463 499 esset
476 439 552 517 quod
564 441 645 501 inane
657 451 787 519 voearet,

131 540 209 582 omne
220 521 297 582 foret
308 520 444 582 solidum:
456 524 509 582 nisi
522 532 619 584 eontra
632 542 752 605 corpora
765 536 842 586 certa

130 615 242 683 essent,
259 623 332 685 quae
343 604 409 666 looa
421 606 598 685 complerent
610 626 806 688 quaecumque
818 620 967 689 tenerent,

129 708 210 751 omne
225 689 301 769 quod
313 698 375 766 est,
387 691 508 767 spatium
518 707 638 751 vacuum
655 702 797 753 constaret
809 696 899 754 inane.
980 736 983 743 -

128 773 243 835 alternis
254 775 356 850 igitur,
370 775 514 850 nimirum,
528 790 633 853 eorpus
648 777 721 835 inani

67 856 826 935 tltdistinctumquoniamneoplenumuaviterextat

128 961 182 1002 noo
193 958 280 1020 porro
293 958 429 1019 vacuum,
442 949 506 1001 sunt
521 959 592 1018 ergo
606 959 726 1021 corpora
742 954 835 1022 terta,

129 1043 202 1105 quae
217 1025 338 1104 spatium
350 1023 437 1102 pleno
448 1026 559 1103 possint
574 1025 747 1103 distinguere
758 1029 849 1088 inane.

126 1109 200 1170 baso
210 1126 305 1187 neque
318 1107 437 1168 dissolui
448 1107 540 1188 plagis
553 1110 732 1170 extrinsecus
744 1112 801 1170 ieta

126 1202 266 1272 possunt,
277 1210 333 1252 neo
345 1209 432 1270 porro
443 1195 556 1271 penitus
568 1202 715 1271 penetrata
726 1196 819 1254 retexi

62 1285 116 1340 530
126 1296 183 1337 neo
194 1277 304 1336 ratione
317 1286 423 1354 queunt
433 1276 487 1336 alia
500 1285 634 1356 temptata
645 1277 756 1347 labare;

128 1359 157 1420 ld
172 1359 248 1439 quod
262 1361 316 1419 iam
327 1378 412 1438 supra
423 1360 473 1421 tibi
485 1360 569 1439 paulo
581 1362 754 1422 ostendimus
767 1370 841 1421 ante.

128 1452 194 1504 nam
202 1461 297 1522 noque
309 1442 413 1504 conlidi
425 1445 487 1505 sino
498 1447 571 1504 inani
583 1462 671 1524 posse
683 1445 795 1506 videtur

128 1529 280 1609 qrrioquam
290 1544 346 1587 neo
358 1526 448 1605 frangi
460 1546 514 1588 neo
530 1529 594 1588 findi
605 1530 633 1587 in
647 1530 710 1589 bina
723 1529 864 1606 secando,

127 1629 185 1672 neo
198 1628 302 1689 eapero
314 1628 441 1671 umorem
451 1630 545 1690 neque
556 1615 624 1673 item
635 1613 772 1673 manabile
786 1614 875 1691 frigus

60 1705 115 1759 535
127 1713 184 1756 uae
196 1692 371 1772 penetralem
384 1696 495 1772 ignem,
513 1695 614 1773 quibus
627 1700 717 1757 omnia
733 1698 934 1758 conficiuntur·

109 1810 114 1817 -
130 1788 229 1857 atquo
242 1796 372 1857 quaeque
383 1781 472 1857 magis
486 1779 600 1839 cohibet
612 1797 659 1839 res
671 1782 744 1841 intus
757 1783 855 1857 inane,

129 1873 185 1923 tam
197 1864 286 1939 magis
299 1861 342 1921 bis
353 1862 439 1923 rebus
452 1863 565 1941 penitus
576 1871 710 1941 temptata
724 1863 853 1923 labascit.

130 1964 202 2025 ergo
214 1947 239 2007 si
250 1945 341 2006 solida
352 1963 386 2005 ao
399 1947 460 2006 siue
474 1946 547 2004 inani
561 1963 681 2024 eorpom
692 1949 779 2025 prima

129 2040 195 2092 sunt
206 2031 244 2090 ita
254 2031 294 2089 nti
309 2029 408 2106 docui,
423 2031 478 2090 sint
490 2029 561 2089 baeo
572 2039 686 2090 aeterna
696 2040 858 2093 necessest.

62 2122 118 2178 540
129 2123 281 2195 praeterea
291 2114 344 2174 nisi
357 2115 489 2174 materies
501 2122 616 2174 aeterna
628 2114 745 2192 fuisset,

130 2197 252 2258 antebac
262 2196 298 2256 ad
307 2196 392 2256 nilum
408 2198 520 2275 ponitus
530 2215 578 2258 res
591 2217 720 2278 quaeque
732 2199 890 2276 redissent,

131 2282 168 2343 do
182 2280 298 2359 uiloque
309 2290 405 2341 renata
419 2280 513 2341 forent
525 2300 721 2361 quaecumque
732 2282 869 2343 videmus.

131 2376 159 2427 at
172 2366 304 2444 quoniam
314 2382 399 2443 supra
413 2364 498 2426 dooui
510 2365 548 2424 nil
560 2382 648 2444 posse
663 2367 753 2425 creari

133 2449 169 2510 de
184 2447 242 2508 nilo
254 2467 349 2528 neque
361 2448 437 2527 quod
447 2451 572 2526 genitum
585 2457 630 2508 est
641 2448 676 2509 ad
686 2447 724 2507 nil
736 2446 882 2525 revocari,

65 2540 117 2596 545
129 2551 198 2594 esse
210 2530 351 2592 inmortali
364 2533 515 2611 primordia
530 2549 651 2611 corpore
664 2532 786 2611 debent,

134 2615 254 2677 dissolui
265 2632 322 2695 quo
334 2634 464 2696 quaeque
476 2632 610 2696 supremo
624 2626 752 2697 tempore
765 2616 895 2696 possint,

132 2701 266 2761 materies
277 2710 307 2760 ut
319 2700 482 2779 subpeditet
493 2700 579 2762 rebus
593 2702 766 2780 reparandis.

134 2794 199 2845 sunt
209 2786 296 2863 igitur
307 2782 397 2845 solida
408 2784 558 2863 primordia
571 2785 768 2864 simplicitate,

133 2886 189 2929 neo
199 2870 308 2928 ratione
322 2877 428 2948 queunt
440 2867 493 2928 alia
504 2879 615 2930 servata
625 2887 678 2948 per
690 2887 790 2929 aevom

10 2956 14 3009 ὲ
72 2958 124 3014 obt)
134 2968 173 3013 ex
183 2951 291 3011 infinito
302 2954 356 3011 iam
366 2960 495 3031 temporo
508 2971 555 3013 res
569 2970 710 3031 reparare.

10 3102 14 3111 Ι
175 3033 308 3114 Denique
324 3036 349 3095 si
359 3035 462 3095 nullam
474 3036 556 3096 linem
568 3044 664 3097 natura
675 3046 804 3114 parasset

10 3142 18 3197 p
134 3118 298 3197 frangendis
307 3119 412 3196 rebus,
424 3121 478 3179 iam
491 3137 611 3199 oorpora
622 3121 746 3180 materiai

10 3206 19 3217 ''
136 3220 228 3282 usque
239 3202 355 3265 redacta
367 3202 461 3263 forent
473 3221 545 3264 aevo
558 3202 705 3279 frangente
716 3205 828 3282 priore,

137 3295 168 3347 ut
177 3286 217 3346 nil
228 3306 267 3347 ex
277 3286 361 3346 illisa
377 3297 457 3348 oerto
468 3297 598 3367 temporo
609 3297 710 3371 posset

75 3376 125 3431 655
139 3378 310 3450 oonooptum
322 3388 427 3431 summa
438 3372 537 3432 aetatis
549 3369 706 3450 pervadere
719 3371 790 3430 frnis.

136 3471 200 3515 narn
212 3453 323 3533 quidvis
337 3455 418 3516 eitius
428 3454 547 3517 dissolui
559 3471 648 3534 posse
659 3452 788 3514 videmus
