2288 3886
528 185 568 245 lV

70 366 126 420 505
138 372 196 415 non
207 352 294 414 modo
305 353 381 412 enim
391 352 464 412 ratio
474 360 537 412 roat
549 354 638 413 omnis
647 355 726 431 ‚uita
741 372 855 433 quoque
868 356 930 433 ipsa

140 436 273 502 concidat
286 434 450 516 extemplo,
462 437 516 496 nisi
529 436 650 498 credere
660 438 794 500 sensibus
804 440 899 517 ausis,

138 522 368 603 praecipitisque
379 520 464 581 locos
475 521 564 580 vitare
580 528 610 579 et
622 528 719 582 cetera
731 540 802 601 quae
817 525 873 584 sint

138 609 168 667 in
182 623 292 685 genere
304 604 362 664 boc
377 603 528 682 fugienda,
544 606 628 682 sequi
639 607 779 665 contraria
794 624 866 685 quae
878 607 942 668 sint.

140 689 190 752 illa
203 689 254 750 tibi
267 699 313 751 est
328 690 414 765 igitur
424 688 579 748 verborum
591 690 675 767 copia
687 707 770 751 cassa

70 785 129 840 510
142 776 250 852 omnis,
264 790 338 851 quae
350 780 449 849 contra
461 789 565 833 sensus
579 773 716 833 instructa
728 783 860 851 pamtast.

143 858 268 937 denique
282 866 314 916 ut
325 858 354 915 in
365 855 490 934 fabrica,
502 857 527 916 si
538 866 653 934 pravast
663 856 764 936 regula
774 860 880 937 prima,

140 959 297 1019 normaque
310 941 334 1001 si
345 939 433 1000 fallax
447 940 536 1000 rectis
549 941 716 1018 regionibus
730 943 806 1019 exit,

141 1037 171 1087 et
182 1022 281 1085 libella
295 1023 390 1102 aliqua
401 1024 426 1084 si
438 1042 476 1084 ex
492 1025 566 1103 parti
578 1023 717 1085 claudicat
728 1023 832 1102 hilum,
869 1018 871 1022 ’

141 1111 233 1170 omnia
243 1108 383 1169 mendose
398 1109 459 1167 fieri
471 1117 557 1187 atque
569 1109 682 1187 obstipa
695 1127 821 1170 necesse
833 1119 880 1171 est

70 1205 128 1257 515
141 1211 229 1274 prava
242 1193 373 1252 cubantia
385 1208 475 1271 prona
485 1194 586 1271 supina
597 1201 684 1272 atque
696 1193 803 1254 absona
815 1201 908 1271 tecta,

140 1280 195 1337 iam
209 1295 296 1337 ruere
310 1287 341 1338 ut
353 1275 491 1355 quaedam
502 1276 651 1337 videantur
661 1275 757 1356 velle,
770 1284 908 1356 ruantque

141 1361 253 1442 prodita
267 1360 380 1422 iudiciis
395 1359 545 1422 fallacibus
558 1364 650 1421 omnia
660 1363 776 1440 primis,

143 1447 186 1506 sic
197 1446 285 1523 igitur
295 1447 368 1506 ratio
379 1445 431 1505 tibi
442 1463 537 1504 rerum
548 1463 635 1523 prava
649 1456 803 1507 necessest

141 1528 271 1607 falsaque
288 1531 343 1608 sit,
356 1527 436 1589 falsis
452 1547 648 1609 quaecumque
660 1529 695 1589 ab
708 1531 841 1593 sensibus
854 1540 953 1592 ortast.

72 1625 130 1678 520
183 1611 267 1674 Nunc
280 1612 328 1673 alii
340 1631 444 1673 seusus
457 1631 513 1691 quo
529 1623 614 1692 pacto
627 1615 748 1693 quisque
759 1634 838 1676 suam
849 1633 911 1675 rem

141 1698 261 1776 sentiat,
273 1696 347 1758 haud
361 1715 501 1775 quaquam
512 1699 582 1757 ratio
597 1715 737 1777 scmposa
748 1699 849 1760 relicta
861 1709 915 1760 est.

183 1780 328 1861 Principio
338 1781 448 1842 auditur
460 1798 547 1842 sonus
562 1791 591 1841 et
601 1799 659 1841 vox
671 1783 778 1859 omnis,
791 1785 819 1842 in
833 1784 909 1842 auris

141 1866 279 1927 insinuata
290 1882 343 1927 suo
355 1866 499 1946 pepulere
511 1864 560 1923 ubi
572 1881 696 1943 corpore
708 1883 833 1925 sensum.

143 1965 312 2029 corpoream
326 1967 431 2012 vocem
447 1965 561 2028 quoque
574 1949 649 2008 enim
660 1957 793 2010 constare
806 1948 978 2010 fatendumst

71 2045 126 2099 525
141 2042 172 2095 et
184 2034 326 2113 sonitum,
341 2035 472 2112 quoniam
484 2041 606 2113 possunt
616 2032 757 2112 inpellere
769 2052 881 2095 seusus.

140 2128 290 2198 praeterea
301 2118 373 2179 radit
387 2135 445 2178 vox
459 2117 559 2178 fauces
573 2135 681 2197 saepe,
694 2118 819 2197 facitque

143 2204 291 2282 asperiora
302 2200 379 2263 foras
391 2201 524 2280 gmdiens
535 2204 639 2262 arteria
651 2201 767 2263 clamor.

143 2288 269 2367 quippe,
283 2295 496 2365 perangustum
508 2286 590 2346 turba
604 2287 711 2345 maiore
724 2296 822 2346 coorta

140 2372 183 2430 ire
198 2370 277 2430 foras
288 2370 336 2430 ubi
349 2379 507 2450 coeperunt
522 2367 672 2448 primordia
684 2373 804 2446 iocum,

73 2463 130 2519 530
141 2452 272 2529 scilicet,
286 2453 396 2533 expleti
411 2473 526 2534 quoque
542 2455 622 2514 ianua
632 2450 738 2513 raditur
751 2454 817 2539 oris.¹

140 2537 215 2598 baud
227 2540 314 2616 igitur
328 2537 469 2599 dubiumst
481 2540 547 2617 quin
559 2555 650 2597 voces
664 2537 810 2615 verbaque
823 2546 956 2597 constent

142 2623 294 2702 corporeis
305 2640 323 2681 e
335 2625 502 2703 principiis,
515 2633 545 2682 ut
557 2621 673 2681 laedere
685 2624 806 2702 possint.

140 2725 196 2768 uec
208 2717 238 2767 te
251 2704 323 2765 fallit
333 2709 401 2768 item
412 2707 478 2786 quid
491 2708 622 2784 corporis
636 2706 745 2767 aufemt
758 2716 787 2768 et
799 2706 865 2785 quid

141 2789 270 2851 detrahat
283 2808 320 2850 ex
333 2790 475 2850 hominum
487 2793 583 2851 nervis
597 2808 631 2851 ao
645 2792 753 2851 viribus
764 2793 835 2871 ipsis

74 2883 129 2938 535
141 2883 302 2956 perpetuus
317 2891 412 2935 sermo
425 2876 515 2950 nigrai
526 2877 619 2935 noctis
632 2874 667 2934 ad
679 2875 813 2935 umbram·

140 2976 260 3020 aurorae
273 2957 428 3035 perductus
440 2959 476 3019 ab
488 2960 636 3042 exoriente
648 2960 758 3037 nitore,

142 3044 316 3123 praesertim
329 3045 354 3104 si
366 3061 430 3102 cum
442 3051 580 3104 summost
593 3041 717 3102 clamore
729 3041 873 3122 profusus.

141 3146 213 3206 orgo
226 3145 396 3205 corpoream
410 3144 514 3187 uocem
527 3136 659 3186 constare
670 3134 841 3201 necessest,
951 3136 957 3145 ·

140 3212 228 3273 multa
242 3210 364 3292 loquens
380 3213 511 3290 quoniam
522 3212 623 3272 amittit
635 3209 671 3268 de
686 3225 809 3289 corpore
821 3217 939 3287 partem.

77 3301 131 3357 oto
140 3298 280 3376 asperitas
292 3305 386 3356 autem
400 3298 483 3356 vocis
496 3295 524 3355 frt
536 3294 573 3355 ab
585 3295 739 3372 asperitate

141 3381 363 3459 principiorum,
379 3389 408 3442 et
420 3381 489 3440 item
500 3378 584 3439 levor
594 3378 694 3439 levore
707 3385 833 3437 creatur:

137 3482 195 3525 uec
207 3463 292 3525 simili
306 3473 455 3543 penetrant
466 3465 541 3524 auris
554 3461 705 3542 primordia
720 3461 827 3545 forma,
