2288 3886
533 168 573 227 tv

138 347 169 399 et
180 336 297 397 divisior
310 339 383 398 inter
394 356 427 397 se
439 353 473 396 ac
485 337 646 397 distractior
657 348 746 398 actus.

181 420 218 482 Et
231 439 287 500 quo
300 423 421 500 quisque
431 420 494 480 iere
509 421 602 480 studio
617 421 765 482 devinctus
776 421 928 500 adhaeret,

68 515 128 570 960
138 515 186 566 aut
202 506 304 593 quibus
319 507 347 564 in
357 505 445 565 rebus
457 504 573 564 multum
586 524 681 565 sumus
693 516 756 566 ante
768 507 866 566 morati

138 600 224 668 atque
235 591 263 648 in
275 590 428 649 conatione
440 588 491 648 init
507 599 638 649 contenta
650 592 738 666 magis
749 608 846 667 mens,

137 676 166 733 in
180 675 285 735 somnis
298 666 397 733 eadem
409 672 575 752 plerumque
587 673 713 732 videmur
725 675 819 741 obire:

140 757 275 818 causidici
289 775 388 817 causas
403 775 490 834 agere
503 767 532 817 et
544 775 716 836 componere
731 757 831 835 teges,

138 842 355 921 induperatores
367 835 493 920 pugnare
506 859 540 901 ac
553 841 662 921 proclia
678 842 775 919 obire,

70 935 127 990 965
139 935 240 985 nautae
254 935 429 985 contractum
442 943 504 983 cnm
515 928 607 986 ventis
620 925 728 1002 degere
743 923 866 1002 bellum,

138 1027 192 1069 nos
207 1026 293 1087 agere
307 1009 363 1068 hoc
374 1018 467 1068 autem
478 1019 507 1069 et
519 1020 643 1070 naturam
653 1027 792 1088 quaerere
807 1028 900 1068 rernm

139 1111 256 1171 semper
269 1102 299 1152 et
310 1095 450 1152 inventam
464 1095 561 1171 patriis
574 1110 719 1170 exponere
732 1093 844 1152 chartis.

141 1187 238 1238 cetera
249 1179 292 1237 sic
303 1176 394 1237 studia
406 1185 490 1254 atque
501 1186 576 1237 artes
590 1176 757 1255 plerumque
771 1177 901 1236 videntur

139 1264 168 1321 in
179 1263 285 1321 somnis
293 1263 404 1323 ¹animos
417 1261 558 1320 hominum
569 1261 700 1321 frustrata
712 1271 821 1321 tenere.

72 1353 128 1408 970
139 1355 169 1405 et
181 1347 351 1424 quicumque
365 1344 426 1404 dies
438 1344 540 1405 multos
554 1364 590 1404 ex
605 1345 702 1405 ordine
718 1345 790 1405 ludis

139 1428 270 1489 adsiduas
283 1428 421 1488 dederunt
434 1446 554 1507 operas,
570 1429 738 1508 plerumque
749 1429 892 1507 videmus,

140 1531 203 1571 cum
219 1514 274 1572 iam
288 1513 456 1572 destiterunt
468 1531 503 1572 ea
514 1515 645 1574 sensibus
658 1531 812 1593 usurpare,

138 1594 262 1656 relicuas
275 1607 367 1657 tamen
381 1615 447 1656 esse
461 1598 520 1656 vias
532 1599 560 1656 in
572 1608 665 1658 mente
681 1600 817 1676 patentis,

142 1698 196 1759 qna
207 1683 318 1759 possint
329 1681 428 1740 eadem
440 1699 533 1739 rernm
544 1683 692 1742 simulacra
704 1685 818 1742 venire:

68 1773 122 1829 975
141 1782 194 1844 per
204 1764 414 1842 multositaque
427 1762 475 1823 illa
487 1763 547 1823 dies
560 1765 658 1824 eadem
671 1766 855 1824 obversantur

142 1858 207 1908 ante
220 1848 337 1926 oculos,
351 1851 433 1908 etiam
447 1845 597 1923 vigilantes
609 1856 638 1905 ut
651 1849 798 1907 videantur

140 1950 261 1992 cernere
272 1931 397 1992 saltantis
411 1941 439 1990 et
452 1929 547 1990 mollia
559 1930 681 1990 membra
694 1934 851 2008 moventis,

140 2025 170 2077 et
182 2016 304 2076 citharae
318 2016 452 2095 liquidum
466 2032 578 2074 carmen
592 2015 770 2095 chordasque
782 2015 925 2095 loquentis

139 2101 252 2160 auribus
264 2103 415 2179 accipere,
431 2108 460 2159 et
474 2117 641 2160 consessum
654 2119 774 2160 cernere
786 2100 906 2161 eundem

74 2194 128 2250 980
139 2186 294 2262 scenaique
308 2181 390 2244 simul
402 2184 495 2243 varios
508 2183 660 2262 splendere
674 2186 805 2246 decores.

140 2287 231 2346 usque
243 2269 315 2328 adeo
328 2269 420 2344 magni
432 2267 520 2327 reiert
530 2269 650 2327 studium
663 2278 748 2347 atque
760 2269 908 2348 voluptas,

141 2362 169 2413 et
182 2353 283 2431 quibus
296 2354 324 2411 in
335 2352 422 2412 rebus
437 2352 599 2411 consuerint
612 2371 679 2412 esse
692 2355 800 2430 operati

139 2455 195 2496 non
205 2436 333 2497 homines
349 2435 440 2495 solum
452 2436 504 2496 sed
518 2453 588 2495 vero
600 2434 725 2494 animatia
741 2444 851 2495 cuncta,

140 2523 246 2600 quippe
257 2520 367 2581 videbis
381 2537 471 2598 equos
483 2519 582 2597 fortis,
598 2537 661 2578 cum
672 2519 795 2579 membra
806 2520 955 2596 iacebunt,

73 2613 125 2668 985
137 2607 166 2664 in
179 2607 285 2666 somnis
297 2602 398 2664 sudare
409 2615 501 2664 tamen
517 2606 682 2684 spirareque
695 2623 809 2683 semper

140 2699 169 2749 et
182 2692 261 2768 quasi
274 2689 309 2748 de
321 2687 412 2768 palma
423 2706 543 2749 summas
556 2689 729 2750 contendere
741 2691 808 2749 viris

138 2783 185 2832 aut
200 2774 280 2852 quasi
290 2774 453 2833 carceribus
466 2773 615 2851 patefactis
638 2820 795 2834 ......

138 2867 345 2935 venantumque
359 2874 444 2917 canes
456 2859 485 2916 in
495 2855 574 2916 molli
587 2877 676 2936 saepe
690 2861 785 2937 quiete

139 2943 241 3000 iactant
254 2959 335 3001 crura
344 2950 436 3000 tamen
450 2940 545 3002 subito
555 2960 703 3020 vocesque
715 2951 835 3021 repente

74 3033 127 3087 990
138 3027 249 3086 mittunt
261 3035 290 3086 et
302 3026 404 3086 crebro
416 3025 573 3085 redducunt
588 3026 699 3084 naribus
711 3045 792 3086 auras
802 3041 826 3103 ,·

138 3120 168 3170 ut
181 3112 303 3187 vestigia
313 3112 337 3169 si
351 3118 465 3169 teneant
477 3111 589 3170 inventa
603 3109 740 3186 ferarum,

139 3194 394 3272 expergefactique
406 3203 541 3254 secuntur
552 3195 641 3253 inania
654 3211 742 3271 saepe

140 3295 289 3337 cervorum
301 3277 466 3355 simulacra,
478 3277 563 3355 fugae
579 3279 657 3356 quasi
672 3277 764 3336 dedita
776 3287 910 3355 cernant,

139 3360 232 3422 donec
243 3362 381 3422 discussis
393 3361 511 3422 redeant
523 3362 666 3421 erroribus
677 3360 712 3420 ad
723 3380 764 3421 se.

77 3452 127 3507 995
139 3456 166 3507 at
179 3455 316 3506 consuete
331 3445 404 3506 domi
418 3445 574 3506 catulorum
587 3445 687 3505 blanda
698 3463 826 3525 propago
