2288 3886
602 108 640 168 lll

200 275 335 356 parvola,
348 294 421 354 quae
435 284 558 352 nequeat
570 277 640 334 ratio
655 275 805 352 depellere
817 277 917 351 nohis,

201 369 232 419 ut
243 359 280 418 nil
293 359 418 437 inpediat
430 358 542 436 dignam
555 357 598 418 dis
614 358 721 436 degere
734 362 825 420 uitam.

243 442 321 503 llaec
336 444 421 521 igitur
434 452 531 502 natura
542 451 655 503 tenetur
668 460 790 520 corpore
801 445 836 504 ab
853 447 946 523 omni,

201 531 320 609 ipsaque
333 528 462 606 corporis
475 536 520 587 cst
533 535 630 602 custos
642 536 671 587 et
684 545 768 588 causa
779 527 893 591 salutis:

127 622 186 676 διὸ
201 630 264 672 nam
276 611 469 671 communibus
482 613 555 670 inter
570 628 602 670 se
617 610 759 671 radicibus
771 610 904 691 haerent,

202 715 257 757 uec
269 697 329 757 sine
346 697 474 773 pernicie
485 694 582 754 divelli
595 711 683 771 posse
695 695 834 755 videntur.

201 780 277 858 quod
289 798 380 857 genus
395 798 411 838 e
424 778 512 839 thuris
524 778 635 856 glaebis
647 777 776 838 evellere
793 779 910 839 odorem

201 863 273 923 haud
285 862 371 923 facile
384 872 447 939 est,
460 864 526 939 quin
537 865 658 923 intereat
668 871 765 922 natura
777 881 892 942 quoque
907 866 979 926 eius.

163 1015 168 1026 ‚
200 949 243 1009 sic
256 949 337 1007 animi
348 955 433 1026 atque
445 949 553 1006 animae
565 955 689 1005 naturam
702 962 824 1023 corpore
837 957 897 1008 toto

130 1041 188 1095 330
200 1030 351 1091 extrahere
365 1030 431 1090 haut
443 1028 528 1090 lacile
541 1040 602 1106 est,
618 1032 685 1109 quin
697 1031 788 1089 omnia
800 1030 999 1093 dissoluantur.

200 1113 323 1192 inplexis
336 1117 372 1173 ita
384 1116 529 1191 principiis
540 1113 576 1174 ab
589 1115 698 1190 origine
711 1115 799 1191 prima

199 1201 274 1258 inter
285 1217 317 1259 se
331 1199 397 1257 liunt
413 1199 538 1258 consorti
549 1196 676 1276 praedita
688 1200 761 1274 rita,

201 1301 256 1342 nec
267 1283 320 1342 sibi
334 1299 465 1359 quaeque
477 1283 538 1341 sine
549 1280 666 1341 alterius
677 1283 705 1341 vi
717 1298 806 1360 posse
817 1282 929 1342 ridetur

203 1368 332 1445 corporis
343 1376 429 1444 atque
441 1367 523 1425 animi
534 1382 665 1427 seorsum
676 1367 783 1426 sentire
796 1375 943 1445 potestas,

133 1459 188 1514 335
201 1449 253 1511 sed
265 1449 459 1511 communibus
474 1451 609 1510 intereas
622 1449 760 1511 condatur
771 1453 910 1529 utrimque

201 1534 324 1595 motibus
333 1551 475 1594 accensus
487 1533 569 1594 uobis
580 1551 633 1614 per
645 1535 757 1595 viscera
767 1554 880 1597 sensus.

201 1626 352 1696 praeterea
363 1633 469 1695 corpus
481 1634 534 1695 per
545 1636 578 1677 se
589 1636 644 1677 nec
655 1620 780 1696 gignitur
791 1637 921 1699 umquam

201 1720 256 1761 uec
269 1703 375 1762 crescit
386 1719 480 1784 neque
493 1709 559 1779 post
570 1711 690 1761 mortem
702 1700 802 1762 durare
817 1703 938 1763 videtur.

201 1787 360 1862 nonenim,
373 1793 402 1844 ut
413 1802 494 1844 umor
504 1802 594 1861 aquae
606 1783 716 1843 dimittit
727 1802 816 1861 saepe
828 1803 980 1864 vaporem,

130 1877 189 1933 ³40
200 1871 248 1948 qui
260 1869 340 1930 datus
352 1878 414 1946 est,
426 1887 521 1949 neque
532 1885 566 1927 ea
579 1885 663 1928 causa
676 1866 846 1928 convellitur
860 1870 942 1946 ipse,

202 1953 254 2014 sed
269 1962 362 2013 manet
373 1953 539 2030 incolumis,
551 1968 624 2030 non,
635 1954 763 2030 inquam,
776 1953 819 2012 sic
829 1952 928 2012 animai

201 2036 348 2097 discidium
361 2045 480 2114 possunt
491 2046 567 2097 artus
579 2035 709 2116 perferre
719 2035 829 2114 relicti,

201 2120 254 2181 sed
265 2123 378 2199 penitus
391 2129 511 2199 pereunt
522 2121 652 2182 convulsi
665 2138 777 2200 conque
792 2131 968 2201 putrescunt.

203 2223 240 2265 ex
250 2206 365 2266 ineunte
375 2221 448 2266 nevo
460 2205 503 2265 sie
516 2207 645 2284 corporis
657 2213 741 2283 atque
753 2208 852 2265 animai

131 2295 189 2352 stc
201 2298 294 2348 mutua
305 2289 397 2350 vitalis
409 2289 520 2349 discunt
536 2290 665 2366 contagia
675 2297 783 2364 motus,

202 2374 335 2433 maternis
347 2375 431 2433 etiam
442 2372 574 2432 membris
586 2371 708 2449 alvoque
719 2381 854 2449 reposta,

202 2455 350 2517 discidium
360 2465 392 2517 at
406 2465 529 2535 nequeat
544 2457 604 2516 lieri
616 2456 678 2516 sine
691 2462 774 2532 peste
789 2453 937 2533 maloque;
1026 2490 1050 2515 ι

204 2549 232 2599 ut
243 2539 358 2618 videas,
371 2543 501 2620 quoniam
513 2541 690 2601 coniunctast
702 2538 913 2615 causasarum,

203 2627 381 2685 coniunctam
394 2642 508 2704 quoque
522 2634 646 2685 naturam
658 2625 818 2685 consistere
834 2642 942 2685 eorum.

130 2717 199 2770 350·
246 2706 259 2788 Η
273 2706 357 2782 Quod
369 2726 456 2788 super
469 2718 531 2786 est,
544 2710 633 2787 siquis
645 2726 750 2789 corpus
762 2711 869 2770 sentire
880 2709 1002 2788 refutat²

200 2802 286 2870 atque
297 2794 414 2853 animam
426 2792 516 2853 credit
527 2795 694 2871 pennixtam
705 2810 828 2872 corpore
841 2803 901 2853 toto

201 2877 351 2955 suscipere
363 2876 438 2937 hunc
449 2886 553 2937 motum
565 2896 650 2956 quem
660 2894 776 2938 sensum
790 2879 1002 2953 nominitamus,

201 2958 249 3020 vel
259 2961 423 3022 manifestas
434 2979 482 3022 res
497 2970 595 3021 contra
605 2979 747 3039 verasque
759 2971 908 3039 repugnat.

202 3043 269 3122 quid
281 3047 317 3105 sit
329 3047 403 3106 eninr
414 3061 519 3124 eorpus
530 3048 636 3105 sentire
649 3046 712 3122 quis
723 3044 834 3105 adferet
847 3061 994 3121 umquam,

131 3134 188 3188 ³55
203 3129 228 3188 si
238 3145 295 3188 uon
307 3131 369 3207 ipsa
381 3127 472 3208 palam
487 3128 564 3208 quod
577 3147 625 3188 res
638 3127 714 3187 dedit
728 3146 763 3188 ac
775 3127 871 3188 docuit
885 3124 959 3187 nos?

197 3220 228 3271 at
243 3211 357 3274 dimissa
368 3214 457 3273 anima
470 3229 575 3292 corpus
588 3221 665 3272 caret
679 3211 803 3290 undique
816 3230 917 3272 sensu:

201 3295 293 3373 perdit
306 3298 380 3357 enim
391 3296 467 3375 quod
478 3315 534 3358 non
548 3298 693 3376 proprium
704 3295 755 3355 luit
767 3296 828 3355 eius
843 3297 871 3355 in
881 3314 962 3357 aero.

198 3377 355 3461 [multaque
368 3391 516 3462 practerea
529 3379 622 3463 perdit
634 3398 696 3442 curn
708 3378 863 3461 expellitur
872 3381 957 3459 aero}
