2288 3886
115 209 174 273 rto
601 205 626 261 V

194 396 231 438 ex
242 379 357 436 ineunte
368 391 441 434 aero
454 373 631 433 coniunctam
644 382 729 450 atqua
744 372 837 431 uniter
847 381 940 450 aptam

195 459 323 540 partibus
335 459 420 518 atriis
433 455 544 532 mundi,
556 455 659 534 quibus
671 456 754 516 insita
763 456 842 515 vivit.

194 552 348 623 propterea
358 558 415 602 non
427 550 472 601 est
484 542 564 601 oneri
574 557 668 618 neque
680 539 811 616 deprimit
826 556 924 606 auras:

132 637 184 690 510
197 636 228 686 ut
239 644 290 688 sua
305 626 408 704 cuique
421 621 985 700 1100ιί0100110000000010000000100,

195 729 251 771 nec
262 718 347 787 caput
360 718 406 768 est
418 709 497 767 oneri
513 706 590 768 00110
600 752 610 784 ,
621 724 677 766 nec
688 705 811 785 denique
822 715 913 766 totunr

197 795 325 872 corporis
337 794 364 850 in
376 791 497 872 pedibus
509 791 620 870 pondus
632 791 769 851 sentimus
779 791 893 850 inesse:

195 888 224 938 at
236 894 431 956 quaecumque
445 875 515 936 ioris
527 877 642 936 veniunt
653 876 823 953 inpostaque
835 874 918 934 nobis

197 961 323 1041 pondera
334 969 398 1020 sunt
409 958 541 1035 laedunt,
553 957 694 1038 permulto
706 975 795 1036 00000
807 959 924 1016 minora.

133 1055 183 1108 545
195 1063 286 1125 usque
300 1042 374 1104 adeo
387 1045 480 1120 magni
494 1043 583 1103 refert
599 1043 665 1122 quid
677 1059 806 1121 quaeque
821 1050 904 1101 areat
915 1059 973 1102 res.

196 1131 240 1191 sic
251 1130 336 1207 igitur
347 1126 434 1188 tellus
446 1143 503 1186 non
514 1136 560 1187 est
571 1126 662 1187 aliena
672 1135 793 1204 repente

195 1211 279 1273 allata
289 1221 375 1293 atquc
387 1212 461 1272 auris
473 1209 585 1271 aliunde
597 1210 711 1271 obiecta
721 1208 839 1285 alienis,

197 1295 250 1357 sed
262 1297 368 1376 pariter
382 1296 471 1375 prima
482 1303 623 1373 concepta
634 1295 670 1354 ab
682 1295 793 1371 origine
805 1290 900 1351 rnundi

197 1388 332 1459 certaque
344 1396 410 1458 pars
426 1380 505 1457 eius,
518 1380 598 1458 quasi
610 1378 692 1438 nobis
703 1377 846 1454 membra,
857 1375 998 1437 ridentur.

133 1475 184 1527 550
194 1473 344 1542 praeterea
356 1461 454 1540 grandi
464 1464 568 1523 tonitru
581 1477 722 1522 concussa
733 1468 853 1540 repente

196 1557 272 1608 terra
282 1563 368 1624 supra
379 1563 453 1626 quac
464 1564 497 1607 se
510 1555 575 1606 sunt
589 1546 715 1605 concutit
726 1546 817 1604 omnia
828 1553 922 1613 motu:

197 1630 273 1710 quod
284 1629 382 1690 facere
393 1628 459 1690 haut
470 1629 528 1689 ulla
542 1638 645 1710 posset
657 1630 782 1707 ratione,
793 1629 847 1689 nisi
859 1636 939 1689 esset

196 1713 322 1795 partibus
332 1714 417 1774 aeriis
432 1713 525 1773 rnundi
541 1713 682 1792 caeloque
693 1714 836 1773 revincta:

195 1815 258 1858 nam
269 1798 463 1860 communibus
475 1800 548 1858 inter
559 1816 592 1860 se
605 1796 746 1858 radicibus
757 1795 876 1856 haerent

133 1893 184 1945 555
198 1899 236 1944 ex
246 1883 361 1944 ineunte
373 1898 446 1942 aevo
458 1884 607 1943 coniuncta
618 1890 704 1960 atque
715 1881 807 1940 uniter
818 1889 891 1959 apta.

197 1982 291 2027 nonne
302 1965 383 2028 vides
396 1968 480 2026 etiam
492 1984 573 2046 quam
585 1982 687 2042 magna
697 1963 825 2044 pondere
840 1964 922 2023 nubis

198 2051 335 2110 sustineat
348 2066 452 2127 corpus
464 2051 628 2110 tenuissima
639 2051 683 2109 uis
694 2048 792 2108 animai

197 2143 351 2211 propterea
364 2134 497 2211 quintum
509 2135 658 2194 coniuncta
671 2142 757 2212 atque
769 2133 862 2192 uniter
871 2139 938 2210 apta
952 2127 1020 2192 esti

197 2216 319 2296 denique
330 2218 384 2276 iam
396 2216 469 2277 saltu
479 2218 589 2297 pernici
601 2215 705 2277 tollere
717 2234 821 2296 corpus

135 2310 187 2364 550
200 2300 267 2380 quid
277 2302 353 2379 potis
365 2309 410 2362 est
422 2301 476 2361 nisi
486 2303 531 2361 vis
543 2301 641 2379 animi,
654 2318 728 2379 quae
738 2299 863 2360 membra
877 2294 1039 2377 gubernat?

197 2385 288 2445 iamne
299 2384 380 2447 vides
393 2395 524 2465 quantum
535 2387 627 2446 tenuis
639 2396 736 2446 natura
748 2382 846 2444 ualere

195 2470 306 2548 possit,
316 2469 364 2530 ubi
376 2478 423 2535 est
434 2471 584 2530 coniuncta
595 2469 748 2546 granicum
761 2484 901 2595 cornere,
914 2477 944 2528 ut
957 2474 1007 2528 050

198 2555 365 2614 coniunctus
378 2554 462 2615 terris
474 2563 504 2614 et
514 2553 596 2613 nobis
611 2562 656 2613 est
666 2553 748 2612 animi
762 2553 822 2612 vis.

239 2635 302 2697 Nec
313 2637 397 2697 nimio
409 2635 480 2697 solis
491 2639 579 2696 maior
591 2645 654 2697 rota
665 2654 720 2697 nec
736 2637 826 2696 minor
836 2634 920 2696 ardor

134 2728 184 2781 555
199 2738 267 2780 esse
278 2729 392 2798 potest,
409 2721 513 2780 nostris
526 2738 607 2798 quam
618 2720 750 2782 sensibus
764 2738 831 2780 esse
842 2718 963 2779 ridetur.

197 2820 260 2862 nam
272 2803 373 2882 quibus
386 2821 403 2862 0
414 2804 512 2881 spatiis
525 2821 645 2882 cumque
658 2806 740 2882 ignes
754 2803 856 2863 lumina
870 2812 992 2882 possunt

197 2885 311 2946 adicere
324 2895 353 2947 et
366 2885 486 2947 calidum
499 2888 633 2948 memhris
644 2887 749 2949 adilane
764 2904 918 2966 vaporem,

197 2968 235 3028 nil
246 2969 301 3031 tttc
311 2969 356 3031 lris
367 2969 522 3032 intervallis
536 2972 571 3031 de
584 2989 706 3051 corpore
717 2971 805 3031 libant

197 3052 382 3132 flammarum,
396 3053 434 3115 nil
447 3054 482 3116 ad
493 3056 622 3134 speeiem
632 3065 678 3116 est
691 3056 864 3116 contractior
874 3055 958 3131 ignis.

133 3142 185 3198 570
196 3137 333 3218 proinde,
345 3138 425 3201 calor
439 3141 569 3218 quoniam
581 3138 651 3200 solis
663 3139 814 3218 lumenque
829 3137 976 3217 profusum

196 3224 365 3299 perveniunt
377 3232 491 3285 nostros
504 3222 653 3284 adsensus
666 3231 696 3283 et
708 3221 773 3284 1000
786 3222 932 3298 mulcent,

197 3302 287 3364 forma
298 3325 412 3385 quoque
427 3305 493 3368 irinc
504 3306 575 3369 solis
587 3305 675 3368 debet
686 3305 819 3385 iilumque
831 3305 941 3384 videri,

198 3384 237 3446 nil
249 3386 321 3449 adeo
332 3400 363 3451 ut
373 3391 468 3470 possis
481 3389 546 3470 plus
558 3393 707 3451 autminus
719 3388 841 3467 addere,
854 3408 935 3450 vere.

196 3469 319 3551 lunaque
333 3474 395 3533 sive
405 3473 493 3534 nctlro
506 3474 596 3535 fertur
609 3473 674 3535 locu
686 3474 790 3534 lurnine
802 3473 944 3556 lustrans,
