2288 3886
10 39 70 263 i
526 195 551 254 i

132 380 228 443 musa,
241 359 340 424 dment
352 360 409 422 late
422 361 530 422 cladem
541 381 714 444 magnasque
724 367 826 428 ruinas.

129 465 178 510 neo
187 449 297 509 wdone
309 444 363 507 alia
372 444 507 507 mortales
522 464 589 507 esse
602 447 747 527 videmur,

129 532 259 592 internos
271 532 327 592 nisi
339 528 416 609 quod
428 529 534 590 morbis
546 534 740 608 aegrescimus
752 535 827 595 idem

76 619 205 695 noctque
216 614 259 675 illi
274 632 347 694 quos
358 632 375 674 a
385 615 442 673 vita
453 623 551 673 natura
563 617 692 676 removit.

164 699 318 760 Praeterea
328 715 524 777 quaecumque
536 708 648 759 manent
659 709 774 761 aeterna
784 715 937 766 necessust

125 791 184 862 aut,
197 784 264 863 quia
276 792 341 844 sunt
353 779 446 842 solido
459 799 522 841 oum
535 799 675 861 corpore,
688 802 826 864 respuere
838 788 911 849 ictus

123 886 177 928 neo
187 875 341 946 penetrare
353 866 411 944 pati
422 864 477 925 sibi
489 865 639 944 quicquam
652 868 729 946 quod
741 878 826 948 queat
839 880 912 933 artas

124 952 280 1012 dissociare
291 951 366 1010 intus
379 950 484 1028 partis,
497 957 527 1008 ut
542 951 667 1009 materiai

69 1041 112 1100 itt
124 1052 247 1115 corpora
258 1042 339 1112 sunt,
354 1048 473 1113 quorum
485 1043 609 1093 naturam
621 1033 795 1096 ostendimus
808 1047 890 1115 ante,

122 1117 246 1181 antideo
259 1118 359 1178 durare
372 1124 493 1177 aemtem
503 1133 592 1195 posse
604 1135 658 1196 per
670 1135 799 1196 omnem,

122 1202 268 1283 plagarum
283 1202 349 1282 quia
359 1209 424 1262 sunt
436 1203 581 1280 expertia,
596 1204 670 1262 sieut
681 1204 763 1262 inane
776 1214 838 1282 est,

122 1285 198 1366 quod
208 1295 303 1346 manet
315 1287 450 1346 intactam
464 1302 558 1363 neque
573 1286 608 1346 ab
621 1287 680 1346 ictu
692 1285 818 1365 iungitur
830 1287 933 1368 hilum,

122 1380 168 1431 ant
179 1371 265 1431 etiarn
276 1370 342 1450 quia
351 1367 428 1429 nulla
439 1366 496 1429 loci
509 1370 538 1429 lit
550 1372 633 1447 copia
648 1372 770 1448 circum,

61 1461 112 1518 360
122 1472 178 1534 qno
191 1455 271 1533 quasi
284 1471 333 1514 res
345 1455 458 1534 possint
469 1452 619 1514 discedere
634 1452 828 1535 dissonique,

122 1541 197 1600 sicut
208 1555 376 1599 summarum
387 1553 493 1597 summa
506 1545 551 1597 est
565 1548 696 1616 aeterna,
711 1557 805 1618 neque
817 1552 897 1602 extra

124 1625 171 1702 qui
183 1621 266 1682 locus
278 1631 325 1682 est
337 1637 393 1700 quo
406 1619 561 1698 dissiliant,
578 1640 672 1701 neque
685 1641 806 1702 corpora
819 1637 883 1687 sunt
896 1646 968 1705 quae

122 1708 235 1786 possint
245 1704 372 1766 incidere
387 1714 416 1765 et
429 1703 521 1764 valida
533 1704 693 1766 dissolvere
705 1706 797 1786 plaga.

123 1799 150 1851 at
161 1807 274 1868 neque,
287 1791 327 1849 uti
340 1788 440 1866 docui,
453 1786 546 1848 solido
559 1807 622 1848 oum
635 1807 757 1867 corpore
768 1791 860 1852 mundi

57 1881 111 1938 ³65
123 1882 263 1951 naturast,
276 1875 407 1952 quoniam
417 1871 596 1932 admixtumst
606 1873 633 1930 in
644 1871 731 1933 rebus
742 1875 840 1952 inane,

122 1976 177 2018 nec
188 1966 281 2018 tamen
294 1966 339 2018 est
353 1966 383 2017 ut
393 1957 491 2033 inane,
503 1973 597 2034 neque
611 1965 704 2015 autem
718 1974 838 2036 corpora
850 1957 969 2037 desunt,

105 2048 160 2102 'er
170 2041 278 2101 infinito
290 2058 363 2120 quae
374 2041 485 2120 possint
501 2039 575 2100 iorte
592 2050 690 2102 coorta

122 2142 259 2187 corruere
270 2122 343 2185 hanc
354 2142 448 2183 rerum
459 2123 586 2185 violento
597 2125 708 2186 turbine
720 2142 854 2186 summam

122 2217 170 2268 aut
179 2207 262 2270 aliam
275 2209 400 2287 quamvis
414 2206 523 2268 cladem
534 2211 677 2288 inportare
692 2209 812 2289 pericli,

56 2299 111 2355 370
123 2310 179 2353 neo
189 2309 277 2371 porro
291 2302 388 2351 natura
400 2291 458 2351 looi
469 2295 646 2372 spatiumque
660 2292 792 2370 profundi

122 2376 236 2454 deficit,
250 2377 383 2455 exspargi
395 2392 452 2456 quo
464 2378 575 2456 possint
589 2377 701 2435 moenia
714 2376 825 2453 mundi,

121 2469 168 2520 ant
179 2459 233 2520 alia
247 2461 345 2538 quavis
356 2469 478 2539 possunt
488 2462 515 2518 vi
532 2458 615 2538 pulsa
625 2460 729 2537 perire.

121 2543 188 2603 haut
199 2545 285 2622 igitur
295 2543 345 2604 leti
356 2543 506 2622 praeclusa
518 2554 562 2604 est
574 2546 654 2602 ianua
666 2541 747 2603 caelo

121 2645 177 2688 nec
188 2626 243 2688 soli
255 2635 405 2707 terraeque
416 2647 511 2707 neque
523 2627 586 2689 altis
597 2629 730 2706 aequoris
742 2626 840 2705 undis,

53 2718 107 2775 375
119 2711 173 2772 sed
183 2720 263 2790 patet
273 2712 382 2771 immani
394 2721 423 2772 et
435 2720 516 2772 vasto
528 2722 674 2791 respectat
685 2712 769 2771 lriatu.

122 2812 209 2875 quare
221 2796 305 2856 etiam
317 2797 409 2856 nativa
420 2807 600 2867 necessumst
612 2798 765 2857 confiteare

121 2878 194 2940 liaeo
205 2879 319 2940 eadem:
334 2897 429 2957 neque
441 2881 530 2957 enirn,
542 2879 652 2940 mortali
666 2897 787 2958 corpore
799 2899 871 2960 quae
883 2889 966 2957 sunt,

123 2981 161 3022 ex
171 2963 278 3023 inlinito
288 2964 343 3022 iam
354 2972 483 3041 tempore
495 2963 586 3024 adhue
596 2964 757 3041 potuissent

121 3048 241 3107 imnensi
251 3044 358 3107 validas
370 3048 433 3107 aevi
444 3056 625 3108 contemnere
637 3048 723 3106 uires.

56 3138 111 3193 380
162 3129 294 3209 Denique
305 3138 454 3209 tantopere
464 3133 538 3190 inter
548 3150 580 3191 se
595 3148 657 3190 oum
668 3131 785 3189 maxima
795 3128 889 3188 mundi

122 3225 249 3293 pugnent
261 3215 402 3293 membra,
415 3217 463 3294 pio
477 3231 651 3293 nequaquam
667 3215 779 3273 concita
790 3211 885 3292 bello,

122 3315 215 3358 nonne
227 3297 309 3359 vides
322 3297 443 3376 aliquam
455 3298 533 3376 longi
545 3298 704 3357 certaminis
720 3294 786 3357 ollis

122 3397 210 3460 posse
225 3380 284 3443 dari
296 3382 396 3459 finem,
408 3381 456 3444 vel
469 3400 532 3443 cum
543 3380 587 3442 sol
600 3391 629 3442 et
642 3398 733 3461 vapor
744 3382 834 3443 omnis

122 3465 250 3527 omnibus
265 3464 360 3546 epotis
371 3466 514 3527 umoribus
527 3460 747 3545 exsuperariut‘l

976 199 1038 266 135
