2288 3886
116 191 159 256 20
434 203 438 210 ’
613 190 626 251 1

115 417 120 425 ,
201 361 309 435 tingere
322 377 369 419 ros
381 359 473 437 ipsum
486 376 538 438 per
549 378 600 437 se,
612 370 753 420 terramve
767 378 866 421 creare

137 451 188 507 710
200 444 291 502 omnia
303 452 331 501 ot
343 443 372 502 in
383 460 477 502 rerum
488 453 601 504 naturas
614 446 721 503 vertier
733 445 840 520 omnis,

200 544 302 605 magno
315 544 403 605 opere
415 545 432 586 a
442 544 513 587 vero
523 527 610 605 longe
623 526 754 588 derrasse
766 528 906 588 videntur.

200 610 272 671 adde
284 612 368 671 etiam
383 613 430 690 qui
444 611 645 691 conduplicant
656 611 808 690 primordia
821 630 933 692 rerum,

199 701 266 754 atra
277 696 428 772 iungentes
440 697 514 773 igni,
529 705 689 774 terramque
701 694 820 775 liquori,

203 780 292 858 etqui
306 787 438 857 quattuor
453 799 490 840 ex
502 780 588 840 rebus
601 796 690 859 posse
703 781 794 840 omnia
805 789 903 839 rentur

139 871 189 927 tre
203 882 241 924 en
251 865 309 942 igni
320 873 394 923 terra
407 873 491 942 atque
503 866 592 924 anima
603 882 793 942 procrescere
805 873 834 924 et
846 865 937 924 imbri„

202 965 320 1027 quorum
331 947 537 1024 Acragantinus
550 967 614 1009 cum
625 949 722 1027 primis
734 946 928 1027 Empedocles
944 955 1003 1027 est,

203 1032 294 1092 insula
306 1050 391 1109 quem
403 1033 548 1110 triquetris
560 1042 695 1092 terrarum
707 1034 799 1109 gessit
811 1032 840 1091 in
852 1034 910 1092 oris
923 1077 932 1107 ‚

201 1134 283 1194 quam
294 1115 404 1176 fluitans
418 1118 524 1176 circum
535 1118 642 1194 magnis
655 1115 827 1177 anfractibus
839 1133 948 1194 aequor

201 1199 309 1260 lonium
321 1199 430 1278 glaucis
443 1202 567 1280 aspargit
579 1203 656 1261 virus
667 1201 703 1260 ab
715 1200 812 1277 undis,

138 1291 190 1348 tto
199 1295 377 1362 angustoque
391 1284 465 1345 iretu
476 1283 602 1363 rapidum
613 1303 689 1345 mare
702 1282 798 1344 dividit
811 1284 912 1344 cimae
963 1336 966 1341 .

201 1369 746 1429 ltaliaetcrrarumorasaiinibuseius.
958 1434 962 1439 ,

200 1453 248 1513 hic
260 1462 305 1514 cst
314 1462 394 1514 vasta
405 1450 579 1530 Charybdis,
594 1463 623 1514 et
634 1452 681 1513 hic
691 1453 819 1513 Aetnaea
830 1453 967 1511 minantur

201 1555 340 1597 murmura
353 1536 521 1596 dammarum
532 1555 642 1598 rursum
654 1556 686 1598 se
700 1535 924 1614 colligeremus,

172 1644 175 1648 ·
202 1621 331 1681 iaucibus
344 1631 461 1699 eruptos
473 1623 574 1683 iterum
585 1624 628 1682 vis
640 1631 670 1680 ut
681 1630 775 1682 vomat
787 1622 861 1698 ignis

138 1707 189 1770 775
202 1705 236 1766 ad
247 1704 413 1785 caelumque
426 1706 498 1767 ierat
509 1706 626 1766 flammai
637 1705 748 1783 fulgura
760 1723 877 1764 rursum.

202 1809 274 1869 quae
288 1809 351 1851 cum
362 1808 462 1868 magna
472 1791 562 1852 modis
574 1789 668 1851 multis
679 1789 802 1849 miranda
812 1789 924 1849 videtur

200 1875 334 1953 gentibus
346 1875 472 1936 humanis
484 1878 565 1954 regio
577 1874 750 1952 visendaque
764 1874 869 1951 fertur,

200 1960 287 2021 rebus
300 1962 392 2039 opima
405 1961 504 2038 bonis,
518 1960 603 2020 multa
614 1961 718 2018 munita
729 1960 819 2017 virum
830 1961 875 2034 vi,

200 2043 239 2104 nil
250 2053 344 2104 tamen
355 2043 411 2104 hoc
422 2044 557 2104 habuisse
569 2045 630 2103 viro
642 2040 816 2122 praeclarius
828 2044 856 2101 in
868 2062 901 2102 se

135 2135 186 2191 730
199 2146 254 2188 nec
267 2138 394 2188 sanctum
406 2129 495 2205 magis
507 2137 537 2188 ct
547 2129 646 2186 mirum
659 2143 809 2204 carumque
824 2127 944 2186 videtur.

202 2213 324 2272 carmina
335 2215 401 2290 quin
412 2214 496 2272 etiam
507 2212 592 2272 divini
604 2212 731 2290 pectoris
745 2212 807 2270 eius

201 2296 394 2357 vociferantur
405 2306 434 2357 et
446 2306 591 2376 exponunt
602 2294 749 2376 praeclara
760 2305 890 2373 reperta,

201 2391 231 2442 ut
242 2383 290 2442 vix
299 2381 417 2442 humana
428 2380 557 2442 videatur
568 2383 657 2460 stirpe
672 2389 793 2441 creatus.

242 2465 295 2526 Hic
307 2476 399 2527 tamen
411 2475 440 2527 et
452 2484 537 2545 supra
550 2483 622 2544 quos
634 2465 752 2524 diximus
765 2461 915 2523 inferiores

138 2559 188 2614 735
200 2550 328 2629 partibus
340 2552 460 2627 egregie
470 2549 566 2609 multis
577 2549 725 2625 multoque
737 2549 878 2623 minores,

201 2651 365 2712 quamquam
376 2631 463 2692 multa
474 2633 548 2693 bene
560 2650 595 2692 ao
607 2631 738 2692 divinitus
750 2632 928 2692 invenientes

201 2736 237 2776 ex
249 2716 334 2791 adyto
346 2726 485 2794 tamquam
497 2716 591 2776 cordis
603 2733 743 2796 responsa
756 2714 863 2775 dedere

202 2802 327 2861 sanetius
342 2809 371 2860 ct
382 2799 470 2860 multo
483 2811 561 2861 certa
572 2803 680 2860 ratione
692 2801 782 2878 magis
795 2817 877 2877 quam

201 2883 300 2960 Pythia
311 2903 383 2962 quae
395 2883 498 2963 tripodi
512 2903 527 2944 a
539 2883 647 2945 Phoebi
658 2882 795 2961 lauroque
808 2882 957 2962 profatur,

137 2978 189 3033 740
200 2970 347 3049 principiis
360 2977 453 3029 tamen
464 2971 492 3028 in
503 2985 597 3029 rerum
607 2969 707 3031 iecere
719 2970 812 3028 ruinas

200 3063 230 3115 et
241 3055 366 3134 graviter
377 3055 469 3131 magni
480 3071 582 3133 magno
595 3052 729 3114 cecidere
741 3053 779 3112 ibi
793 3069 876 3119 easu;

200 3138 406 3217 primumquod
419 3147 510 3199 motus
524 3147 658 3216 exempto
668 3137 755 3196 rebus
768 3138 842 3196 inani

201 3224 391 3300 constituunt,
405 3233 434 3283 et
446 3241 493 3283 res
505 3221 599 3282 mollis
611 3239 746 3298 rarasque
758 3219 920 3299 relinquent
932 3265 942 3295 ,

200 3312 283 3384 eitra,
296 3307 403 3384 solem,
416 3308 530 3384 ignem,
546 3317 654 3383 terras,
667 3302 810 3382 animalia,
827 3304 944 3382 fruges,

137 3398 187 3455 745
198 3409 254 3452 nec
266 3400 359 3452 tamen
369 3390 527 3470 admiscent
538 3393 566 3450 in
577 3407 675 3450 eorum
690 3407 795 3468 corpus
807 3389 904 3453 inane;

200 3474 303 3536 deinde
315 3474 391 3556 quod
403 3475 515 3535 omnino
532 3475 615 3535 linem
627 3490 683 3533 non
694 3491 761 3534 esse
774 3471 906 3533 secandis
