2288 3886
547 200 575 263 Π
683 207 685 211 ,

145 370 210 451 quln
221 368 393 431 intercurrat
405 367 542 449 quaedam
554 370 682 430 distantia
695 370 802 433 lormis.

145 452 373 533 concharumque
384 470 478 533 genus
490 452 572 532 parili
584 455 693 515 ratione
704 455 833 518 videmus

86 545 130 602 070
140 540 261 619 pingere
274 536 387 600 telluris
398 537 552 616 gremium,
567 554 622 616 qua
635 537 768 601 mollibus
781 539 862 603 undis

141 623 233 687 litoris
243 621 354 683 incurri
365 619 489 682 bibulam
500 622 577 700 pavit
592 638 700 701 semor
713 622 854 685 harenam.

142 725 230 790 quare
243 706 328 769 etiam
340 713 426 786 atque
438 705 522 766 etiam
533 704 617 766 simili
631 709 739 768 ratione
753 718 925 790 necessest,

30 804 33 813 ·
141 789 884 870 naturaquoniamconstantnequelactamanusunt

141 878 224 937 nnius
235 873 272 936 ad
282 882 390 935 certam
402 871 519 933 formam
531 874 682 952 primordia
695 892 805 955 rerum,

84 970 132 1026 ³80
141 957 270 1023 dissimili
280 959 355 1019 inter
368 975 401 1019 se
414 956 550 1036 quaedam
557 957 678 1019 volitare
690 960 788 1038 ligura.

183 1041 326 1105 Perfacile
339 1050 385 1103 est
395 1040 477 1121 parili
487 1042 596 1102 ratione
610 1041 763 1105 exsolvere
775 1045 858 1107 nobis

143 1145 232 1210 quare
243 1125 395 1188 fulmineus
406 1123 493 1185 multo
506 1124 682 1204 penetralior
690 1127 764 1206 ignia

144 1229 227 1294 mam
238 1220 340 1273 noster
351 1208 411 1271 luat
421 1228 438 1270 e
449 1209 539 1271 taedis
551 1211 736 1273 terrestribus
751 1222 844 1273 ortus:

143 1297 242 1358 dicere
254 1295 329 1356 enim
340 1294 437 1373 possis
450 1292 607 1355 caelestem
619 1293 742 1357 fulminis
755 1298 849 1375 ignem

79 1391 130 1447 385
144 1379 280 1442 subtilem
292 1380 384 1456 magis
398 1396 414 1439 e
429 1378 523 1457 parvis
537 1387 669 1441 constare
680 1381 795 1460 liguris,

142 1475 228 1545 atque
239 1462 306 1523 ideo
317 1464 437 1524 transire
448 1461 582 1524 foramina
594 1481 667 1543 quae
678 1467 776 1545 nequit
787 1468 860 1545 ignis

142 1547 299 1611 nosterhic
311 1567 329 1608 e
339 1545 424 1624 lignis
439 1555 502 1606 ortu
517 1546 657 1628 taedaque
674 1559 795 1611 creatus.

142 1641 295 1714 praeterea
307 1630 402 1691 lumen
413 1647 468 1710 per
480 1648 596 1692 cornum
608 1635 724 1712 transit,
737 1644 764 1695 at
775 1636 866 1695 imber

142 1717 297 1796 respuitur.
313 1711 422 1796 quare?
435 1715 488 1775 nisi
500 1714 611 1776 luminis
622 1715 670 1776 illa
679 1720 786 1779 minora

78 1811 132 1868 300
144 1818 267 1880 corpora
280 1808 345 1861 sunt
358 1816 440 1879 quam
451 1798 487 1859 de
500 1799 601 1877 quihus
615 1810 661 1860 est
674 1801 769 1879 liquor
781 1802 869 1863 almos
881 1815 1023 1883 aquarum.

144 1896 174 1948 et
188 1885 315 1965 quamvis
327 1884 421 1946 subito
433 1900 487 1961 per
500 1881 594 1942 colum
603 1884 669 1943 vina
679 1883 807 1945 videmus

143 1969 305 2051 perfluere:
318 1977 347 2028 at
359 1976 457 2028 contra
468 1965 576 2026 tardum
588 1975 736 2027 cunctatur
747 1968 871 2047 clivom,

142 2065 190 2116 aut
202 2055 284 2134 quia,
296 2053 441 2128 nimirum,
457 2051 608 2112 maioribus
620 2060 666 2112 est
677 2051 827 2115 elementis

143 2147 191 2199 aut
201 2138 291 2215 magis
303 2136 420 2197 harnatis
431 2137 505 2196 inter
516 2155 548 2196 se
560 2154 670 2216 perque
683 2137 813 2217 plicatis,

80 2232 131 2288 395
144 2231 231 2303 atque
242 2221 309 2282 ideo
323 2221 353 2281 lit
364 2221 404 2280 uti
415 2238 472 2281 noo
483 2230 538 2280 tam
552 2221 664 2282 diducta
674 2233 795 2302 repente

143 2309 218 2368 inter
231 2325 266 2367 sa
277 2306 390 2384 possint
404 2303 554 2383 primordia
564 2304 676 2382 singula
688 2323 818 2385 quaeque

143 2389 255 2469 singula
268 2406 322 2468 per
334 2389 472 2468 cuiusque
484 2388 620 2447 foramina
630 2405 804 2466 pemranare.

186 2474 249 2535 lluc
261 2472 374 2552 accedit
385 2474 424 2534 uti
435 2471 528 2532 mellis
538 2469 678 2550 lactisque
690 2470 817 2551 liquores

145 2558 268 2620 ineundo
280 2575 368 2619 sensu
381 2535 665 2635 linguaeltractentur
675 2556 703 2615 in
715 2572 780 2616 ore:

84 2651 133 2706 400
143 2652 172 2705 at
185 2651 284 2704 contra
294 2650 384 2703 taetra
394 2640 515 2703 absinthi
525 2649 622 2701 natura
635 2639 747 2720 ferique

145 2727 273 2789 centauri
284 2725 371 2786 loedo
383 2732 632 2804 pertorquentora
642 2742 762 2805 sapore:

145 2818 176 2871 ut
187 2809 273 2872 lacile
285 2827 426 2888 agnoscas
441 2828 458 2870 e
472 2808 584 2870 levibus
595 2818 680 2888 atque
692 2810 818 2871 rutundis

146 2914 214 2959 esse
227 2912 262 2968 ea
274 2911 347 2974 quae
359 2911 461 2954 sensus
472 2892 594 2954 iucunde
606 2902 724 2970 tangere
736 2904 876 2974 possunt,

144 2988 173 3041 at
185 2987 284 3040 contra
295 2996 368 3057 quae
379 2995 470 3038 amara
481 2987 566 3057 atque
576 2995 679 3056 aspera
691 2995 810 3059 cumque
822 2978 969 3055 videntur,

85 3073 133 3126 aab
145 3062 217 3125 haee
228 3063 319 3141 magis
330 3061 446 3122 lumbatis
457 3063 531 3123 inter
542 3080 576 3122 se
588 3078 661 3122 nana
675 3065 785 3140 teneri,

144 3156 357 3228 proptereaque
369 3145 466 3207 solere
478 3148 538 3206 vias
553 3145 719 3207 rescindere
730 3147 835 3207 nostris

145 3232 280 3294 sensibus
290 3231 463 3309 introituque
477 3247 530 3291 suo
542 3246 729 3310 perrumpere
741 3248 855 3308 corpus.

188 3315 288 3377 Omnia
299 3323 445 3394 postremo
456 3315 531 3375 bona
542 3314 675 3375 sensibus
686 3323 715 3375 et
726 3312 797 3376 mala
808 3323 886 3376 tactu

144 3398 275 3462 dissimili
288 3400 363 3460 inter
375 3417 409 3460 se
421 3407 546 3478 pugpant
559 3398 689 3476 perlecta
700 3399 803 3477 ligures

84 3488 134 3548 llo
145 3503 182 3547 ns
192 3493 224 3546 tu
235 3483 310 3544 iorte
322 3491 407 3563 putes
419 3501 517 3544 serrae
529 3480 674 3544 stridentis
686 3481 820 3544 acerbum
