2288 3886
114 207 152 272 18
604 207 618 268 1

198 377 347 454 materies,
361 377 612 453 vanescamus,
627 375 768 453 pondera,
784 375 899 455 plagas,

199 477 372 536 concursus,
388 469 498 537 motus,
512 477 565 537 per
577 476 649 538 quae
661 479 708 520 res
722 478 852 539 quaeque
864 472 1009 538 geruntur.

134 554 185 608 636
241 543 423 622 Quapropter
436 551 483 622 qui
495 546 640 603 materiem
650 562 744 604 rerum
756 564 823 605 esse
836 554 967 623 putarunt

197 630 292 706 ignem
303 637 389 706 atque
402 647 439 687 ex
451 629 508 705 igni
521 645 653 687 summam
667 631 826 689 consistere
838 629 920 706 solo,

197 729 299 789 magno
312 729 401 790 opere
413 730 428 770 a
439 730 508 772 vera
518 710 591 790 lapsi
602 714 710 772 ratione
722 712 861 772 videntur.

197 794 359 856 Heraclitus
371 797 421 855 init
433 814 552 875 quorum
565 795 620 855 dux
633 795 741 874 proelia
754 797 877 875 primus,

199 879 291 941 clarus
304 881 340 939 ob
354 879 504 940 obscuram
515 878 639 957 linguam
651 882 740 957 magis
752 882 825 939 inter
837 883 925 942 inanis

134 975 186 1029 640
198 963 316 1042 quamde
329 965 423 1041 gravis
435 966 509 1024 inter
521 962 637 1040 Graios,
651 966 698 1041 qui
711 982 778 1023 vera
789 967 949 1043 requirunt:

70 1042 73 1046 ⁴
198 1050 288 1107 omnia
301 1050 374 1106 enim
386 1047 481 1108 stolidi
492 1048 581 1124 magis
594 1047 763 1108 admirantur
775 1058 941 1127 amantque,

197 1133 318 1192 inversis
333 1150 405 1210 quae
418 1133 471 1192 sub
484 1133 582 1192 verbis
596 1129 728 1190 latitantia
745 1142 879 1209 cernunt,

197 1233 323 1295 veraque
336 1217 510 1276 constituunt
522 1233 594 1293 quae
607 1214 684 1275 helle
697 1224 815 1292 tangere
827 1227 948 1294 possunt

196 1301 270 1360 auris
283 1309 312 1358 et
323 1299 421 1377 lepido
435 1316 507 1376 quae
519 1308 584 1357 sunt
596 1299 688 1358 incata
705 1316 818 1359 sonore.

133 1395 184 1450 645
238 1381 308 1442 Nam
321 1401 372 1442 cnr
382 1393 437 1442 tam
449 1385 543 1442 variae
553 1400 600 1442 res
614 1393 733 1460 possent
745 1402 830 1460 esse,
843 1385 979 1462 requiro,

197 1487 234 1528 ex
244 1484 300 1526 uno
312 1468 336 1527 si
346 1476 411 1526 sunt
422 1469 480 1545 igni
493 1483 621 1544 puroque
635 1464 768 1526 creatae?

197 1551 235 1610 nil
248 1550 402 1630 prodesset
415 1553 488 1610 enim
501 1548 620 1611 calidum
632 1551 780 1611 denserier
791 1555 885 1628 ignem

195 1636 404 1713 manuteneri,
417 1637 441 1696 si
454 1645 550 1713 partes
562 1636 636 1712 ignis
649 1635 766 1696 eandem

196 1729 320 1779 naturam
332 1737 414 1797 quam
425 1729 500 1780 totus
513 1719 598 1779 habet
610 1738 698 1798 super
709 1722 783 1797 ignis
795 1722 941 1781 haberent.

133 1816 186 1870 650
197 1806 290 1865 acrior
300 1804 384 1863 ardor
397 1806 470 1864 enim
484 1803 631 1864 conductis
643 1805 769 1882 partibus
783 1813 879 1881 esset,

196 1888 355 1966 languidior
365 1906 451 1968 porro
465 1889 592 1971 disiectis
605 1887 706 1966 disque
720 1892 843 1966 supatis:

196 1973 315 2052 amplius
328 1973 384 2033 hoc
397 1973 457 2033 lieri
471 1973 509 2032 nil
521 1983 566 2032 est
578 1973 654 2049 quod
665 1989 753 2050 posse
765 1975 854 2032 rearis

196 2056 299 2117 talibus
310 2059 338 2115 in
351 2058 461 2133 causis,
474 2056 577 2117 nedum
588 2058 722 2116 variantia
733 2074 827 2116 rerum

195 2150 269 2201 tanta
282 2149 366 2219 queat
380 2141 475 2200 densis
487 2143 614 2219 rarisque
628 2159 665 2199 ex
676 2141 788 2217 ignibus
801 2159 876 2200 esse.

131 2236 183 2290 666
198 2225 224 2283 id
237 2241 368 2302 quoque,
382 2226 406 2285 si
418 2223 520 2284 iaciant
532 2224 681 2284 admixtum
696 2225 782 2285 rebus
794 2227 892 2301 inane,

197 2309 309 2369 denseri
321 2318 454 2387 poterunt
466 2310 548 2386 ignes
560 2311 670 2387 rarique
684 2308 819 2387 relinqui:

92 2391 94 2394 ’
196 2393 249 2454 sed
261 2395 325 2472 quia
337 2393 422 2453 multa
433 2395 487 2455 sibi
500 2403 618 2453 cernunt
630 2395 766 2453 contraria
779 2395 911 2453 amussim

196 2488 225 2539 et
236 2477 355 2556 fugitant
367 2480 395 2536 in
406 2479 492 2538 rebus
504 2480 586 2538 inane
598 2477 761 2555 relinquere
773 2495 889 2556 purum,

196 2562 281 2622 ardua
293 2561 358 2620 dum
368 2571 511 2637 metuunt,
525 2563 650 2621 amittunt
662 2579 729 2620 vera
742 2563 812 2637 viai,

132 2656 184 2711 660
195 2664 249 2706 nec
262 2663 371 2703 rursum
386 2654 504 2704 cernunt
516 2654 650 2723 exempto
662 2645 749 2705 rebus
761 2647 833 2704 inani

196 2730 286 2789 omnia
300 2728 413 2787 denseri
426 2729 543 2805 flerique
557 2747 594 2787 ex
606 2729 734 2789 omnibus
746 2747 829 2788 unum

197 2830 319 2891 corpus,
333 2810 371 2870 nil
383 2813 418 2871 ab
430 2831 461 2872 se
475 2813 550 2890 quod
563 2815 655 2889 possit
668 2814 779 2873 mittere
791 2815 906 2890 raptim;

196 2896 312 2957 aestifer
324 2897 396 2973 ignis
407 2899 447 2956 uti
458 2895 552 2955 lumen
563 2898 629 2956 iacit
640 2906 724 2975 atque
737 2914 889 2975 vaporem,

195 2990 225 3039 ut
236 2980 333 3040 videas
345 2997 400 3039 non
414 3000 430 3041 e
442 2983 551 3059 stipatis
562 2982 688 3059 partibus
701 2999 776 3040 esse.

130 3074 183 3129 666
195 3063 272 3143 quod
285 3066 308 3124 si
321 3066 394 3125 forte
407 3063 460 3124 alia
475 3064 592 3125 credunt
606 3066 713 3124 ratione
725 3074 844 3143 potesse

195 3150 268 3227 ignis
279 3151 306 3207 in
322 3157 407 3208 coetu
418 3151 522 3227 stingui
534 3158 698 3227 mutareque
711 3165 834 3227 corpus,

195 3232 326 3309 scilieet,
340 3252 378 3293 ex
389 3232 465 3292 nulla
479 3233 576 3292 iacere
588 3232 617 3291 id
631 3235 655 3291 si
671 3241 751 3310 parte
763 3242 933 3309 reparcent,

196 3316 310 3376 occidet
321 3317 355 3376 ad
366 3316 468 3395 nilum,
488 3319 640 3392 nimirum,
654 3315 776 3376 funditus
788 3315 872 3376 ardor

195 3402 285 3460 omnis
296 3411 325 3461 et
337 3421 353 3462 e
364 3400 422 3460 nilo
435 3401 502 3460 luent
515 3418 710 3479 quaecumque
723 3410 867 3460 creantur:

129 3495 183 3552 670
196 3502 257 3543 666
270 3484 468 3563 quodcumque
481 3486 540 3544 suis
550 3493 682 3544 mutatum
696 3484 795 3544 finibus
808 3485 884 3553 exit.
