2288 3886
549 192 590 253 Ill

153 369 257 448 frigida
270 386 355 447 quem
367 368 457 430 semel
472 378 517 429 est
527 369 594 429 vitai
609 387 697 449 pausa
707 380 815 432 secuta.

197 452 329 533 Denique
341 455 365 513 si
376 470 479 514 rocem
489 471 583 513 rerum
593 463 689 514 natura
700 465 821 534 repente

72 548 139 603 930
152 541 243 601 mittat
255 546 284 598 et
294 536 351 597 hoc
362 536 446 597 alicui
457 544 584 597 nostrum
594 539 637 597 sic
648 540 778 618 increpet
788 541 867 618 ipsa,

154 613 239 702 ‘quid
249 621 300 683 tibi
312 629 389 682 tauto
401 629 535 701 operest,
548 620 692 699 mortalis,
705 621 780 701 quod
791 625 872 683 nimis
882 624 978 701 aegris

155 704 281 767 luctibus
292 700 447 783 intlulgesl
459 705 525 784 quid
535 713 654 766 mortem
665 709 811 784 congemis
823 725 857 766 ac
867 703 942 768 iles?

155 807 219 850 nam
233 790 360 867 gratisne
371 787 423 850 luit
433 789 484 849 tihi
493 790 551 850 rita
563 797 628 849 ante
640 797 702 849 acta
712 791 863 869 priorque,

157 883 188 935 et
198 892 255 934 non
266 875 358 933 omnia
368 882 516 952 pertusum
527 883 665 951 congesta
677 875 756 952 quasi
767 877 795 934 in
807 893 856 935 vas

80 967 143 1023 935
157 955 303 1019 commoda
314 955 476 1037 perlluxere
488 966 573 1036 atque
584 959 692 1034 ingrata
702 959 850 1018 interiere:

158 1060 209 1101 cur
219 1058 276 1103 non
287 1049 318 1100 ut
328 1038 432 1120 plenus
444 1041 519 1101 vitae
535 1042 653 1100 conviva
663 1041 794 1119 recedis,

156 1142 249 1205 aequo
260 1126 408 1204 animoque
421 1126 500 1204 capis
512 1142 660 1203 securam,
676 1125 779 1203 stulte,
798 1123 942 1203 quietem?

157 1209 202 1269 sin
213 1226 247 1269 ea
258 1226 331 1288 quae
342 1208 452 1270 fructus
465 1226 585 1288 cumque
597 1228 629 1269 cs
643 1211 757 1288 periere
771 1209 903 1289 profusa,

155 1293 271 1371 vitaque
282 1295 311 1352 in
322 1293 477 1371 oll'ensust,
492 1311 543 1353 cur
553 1294 672 1373 amplius
684 1293 788 1355 addere
804 1296 934 1373 quaeris,

84 1385 145 1440 940
155 1395 267 1436 rursum
278 1376 355 1456 quod
365 1385 465 1456 pereat
476 1376 548 1437 male
561 1387 590 1438 et
598 1380 737 1456 ingratum
748 1377 860 1439 occidat
872 1396 972 1457 omne,

155 1477 213 1520 non
224 1461 320 1539 potius
331 1461 407 1523 vitae
420 1461 503 1522 llnem
515 1460 586 1522 lacis
597 1472 681 1541 atque
693 1459 821 1524 laboris?

155 1561 219 1604 nam
233 1545 283 1606 tibi
299 1553 449 1624 praeterea
461 1546 536 1624 quod
548 1546 692 1607 machiner
701 1549 915 1627 inveniamque,

157 1627 233 1709 quod
243 1627 373 1709 placeat,
385 1627 424 1688 nil
435 1638 495 1690 est:
506 1630 605 1690 eadem
616 1641 680 1692 sunt
695 1634 786 1692 omnia
796 1650 920 1712 semper.

156 1715 182 1774 si
195 1713 247 1775 tibi
257 1729 314 1773 non
324 1715 403 1774 airnis
416 1731 521 1792 corpus
533 1715 587 1774 iam
598 1725 704 1776 marcet
717 1725 746 1776 et
757 1725 834 1776 artus

84 1803 145 1860 045
159 1796 288 1858 coniecti
294 1795 447 1876 languent,
460 1796 559 1856 cadem
570 1805 663 1857 tamen
675 1801 765 1858 omnia
776 1808 900 1877 restant,

157 1882 249 1941 omnia
260 1882 285 1940 si
296 1898 400 1960 pergas
411 1879 535 1940 virendo
545 1882 662 1941 vincere
674 1881 785 1958 saecla,

157 1975 242 2044 atque
255 1965 337 2027 etiam
347 1967 459 2044 potius,
472 1965 497 2025 ei
508 1983 656 2045 numquam
667 1965 707 2026 sis
719 1967 868 2025 moriturus
877 1964 896 2043 ,’

157 2049 223 2128 quid
234 2049 458 2128 respondemus,
470 2051 524 2109 nisi
535 2051 634 2110 iustam
645 2049 792 2111 intendere
808 2049 887 2110 litem

156 2142 281 2192 naturam
294 2141 323 2193 et
334 2151 431 2194 veram
441 2133 538 2194 verbis
551 2151 696 2214 exponere
709 2131 842 2196 causam‘l

86 2224 146 2280 950
156 2217 289 2296 grandior
299 2216 346 2277 hic
357 2235 427 2278 vero
439 2219 464 2278 si
475 2219 528 2277 iam
538 2220 691 2298 seniorque
704 2229 837 2299 queratur

156 2310 241 2381 atque
254 2301 359 2361 obitum
371 2301 539 2362 lamentetur
549 2303 636 2362 miser
646 2303 765 2380 amplius
776 2320 887 2381 aequo,

155 2402 212 2445 non
222 2387 323 2445 merito
335 2385 467 2446 inclamet
478 2387 567 2462 magis
579 2394 607 2444 et
619 2403 693 2444 voce
704 2387 835 2462 increpet
846 2381 925 2445 acri?

157 2459 252 2528 ‘aulen
263 2468 364 2529 abhinc
376 2469 522 2547 lacrimas,
535 2466 660 2546 balatro,
680 2477 710 2528 et
721 2485 876 2547 compesce
892 2465 1045 2546 querellas.

157 2555 248 2612 omnia
260 2553 426 2630 perfunctus
437 2555 504 2614 vitai
514 2555 637 2632 praemia
646 2570 771 2612 marces:

88 2643 144 2697 955
156 2635 208 2699 sed
219 2638 283 2715 quia
295 2656 410 2717 semper
419 2656 489 2698 aves
502 2638 577 2717 quod
588 2638 686 2716 abest,
699 2637 860 2717 praesentia
874 2635 993 2713 temnis,

155 2719 315 2800 inperfecta
327 2722 378 2782 tihi
390 2721 515 2801 elapsast
527 2723 692 2802 ingrataque
703 2724 778 2801 vita,

156 2813 186 2864 ct
194 2806 376 2884 necopinanti
386 2824 462 2867 mors
473 2805 508 2867 ad
520 2816 604 2885 caput
615 2806 722 2868 adstitit
732 2815 797 2866 ante

157 2905 240 2967 quam
251 2899 372 2950 saturae
384 2889 486 2970 plenus
498 2891 594 2970 possis
609 2889 760 2950 discedere
771 2907 873 2949 rerum.

155 2990 231 3032 nuno
242 2971 334 3033 aliena
345 2982 391 3033 tua
402 2983 496 3034 tamen
505 2983 598 3035 aetate
611 2975 702 3033 omnia
712 2976 809 3051 mitte,

90 3061 146 3118 960
156 3073 249 3135 aequo
260 3059 426 3137 animoque,
439 3056 578 3135 agedum,
591 3060 682 3134 gnatis
697 3059 841 3118 concede:
853 3055 1026 3117 necessest!

154 3141 234 3219 iure,
245 3149 276 3201 ut
289 3143 407 3221 opinor,
419 3150 501 3219 agat,
514 3142 575 3201 iure
587 3143 717 3221 increpet
728 3138 901 3219 inciletque:

157 3224 233 3285 cedit
249 3226 322 3285 enim
335 3243 428 3286 rerum
438 3226 563 3287 novitate
575 3234 688 3286 extrusa
698 3232 826 3285 vetustas

155 3324 290 3387 semper,
303 3317 332 3369 et
345 3328 382 3369 ex
392 3308 455 3370 aliis
466 3308 542 3369 aliud
552 3325 685 3388 reparare
698 3318 860 3368 necessest.

154 3410 210 3453 neo
221 3395 369 3473 quisquam
378 3395 407 3452 in
418 3393 577 3453 barathrum
587 3411 643 3452 uec
654 3390 768 3453 Tartara
781 3390 892 3452 deditur
903 3402 962 3453 atra

88 3478 287 3539 coenatoriae
299 3494 372 3558 opus
384 3485 446 3556 est,
459 3487 489 3537 ut
502 3485 632 3538 crescant
645 3485 761 3557 postera
773 3475 883 3546 saecla;
